1664 2950
274 95 356 132 192
806 92 875 127 lx.
945 93 1036 133 122.

275 213 440 255 φευγον
477 195 538 241 ἐπ’
578 196 743 254 ἀμφοῖν
779 195 966 251 θέοντες,
997 199 1076 252 ἕως
1103 199 1218 252 τινὸς
1246 201 1307 257 τῷ
1335 197 1564 256 φερομένῳ

270 267 383 325 ποδὶν
405 264 430 309 6
455 264 625 309 διώκων
652 267 823 323 δυνηθῇ
849 270 1007 321 τυχεῖν·
1031 267 1066 323 ἢ
1093 269 1166 312 καὶ
1200 266 1355 319 πάντες
1382 266 1565 324 ἐπήδων,

275 331 564 388 ἀριθμοῦντες
596 332 650 376 τά
691 331 936 389 πηδήματα’
980 333 1229 390 προσέκειτο
1267 333 1350 391 γὰρ
1377 337 1438 392 τῷ
1464 332 1566 390 πλή-

274 404 345 443 θει
373 398 422 442 τὸ
455 403 602 444 νικᾶν·
657 397 933 453 ἀσκωλιάζειν
960 401 1007 444 δὲ
1033 402 1220 445 ἐκαλεῖτο
1245 402 1320 446 καὶ
1345 401 1395 446 τὸ
1423 401 1566 458 ἐπιπη-

276 468 359 511 δᾶν
397 465 517 524 ἀσκῷ
544 469 654 523 κενῷ
695 467 769 510 καὶ
809 465 1012 526 ὖποπλὲῳ
1048 468 1306 525 πνεύματος,
1339 467 1593 526 ἀληλιμμέὄ

190 541 271 583 122
282 550 359 591 νῳ,
386 533 447 576 ἵν’
478 532 621 588 ὥσπερ
650 531 926 578 ὀλισθάνοιεν
952 534 1048 590 περὶ
1075 534 1155 591 τήν
1183 534 1382 593 ἀλοιφήν.
1435 540 1455 561 *
1470 534 1566 579 Εἰσὶ

276 601 321 645 δὲ
352 602 425 645 καὶ
454 599 578 644 ἅλλαι
606 601 795 648 παιδιαὶ,
826 600 873 644 ἐν
898 600 1071 660 κοτύλῃ,
1097 606 1240 660 χαλκῆ
1257 607 1378 660 μυῖα,
1403 600 1501 659 ἔξεχ’
1529 596 1566 646 ὦ

276 668 372 724 φίλ’
409 668 525 726 ἥλιε,
569 669 901 724 τρυγοδίφησις,
943 669 1217 726 μηλολάνθη,
1262 671 1351 726 χελὶ
1388 668 1565 727 χελώνη,

280 737 600 791 σκανθαρίζειν,
640 736 973 792 ραθαπυγίζειν,
1010 736 1267 786 πεντάλνθα,
1305 738 1434 794 φίττα
1470 740 1567 781 Μα-

277 803 432 855 λιάδες,
462 804 590 856 φίττα
614 802 768 855 Ῥοίαι,
797 803 871 846 καὶ
899 805 1025 859 φίττα
1052 806 1223 857 Μελίαι,
1250 802 1565 861 πλαταγώνιον.
1577 805 1621 840 10

276 870 514 927 τηλέφιλον,
543 870 684 926 κρίνα,
711 870 785 914 καὶ
813 869 982 926 σπέρμα
1009 871 1169 928 μήλων,
1201 871 1391 927 λάταγες,
1418 873 1568 915 κολλα-

277 939 422 993 βίζειν.
475 937 535 979 Ἡ
564 938 643 993 μὲν
680 938 726 981 ἐν
763 937 944 995 κοτύλῃ,
980 936 1004 982 6
1041 955 1119 994 μεν
1153 937 1344 994 περιάγει
1369 955 1430 983 τω
1456 943 1568 995 χεῖρε

276 1005 336 1055 εἷς
375 1002 594 1056 τούπίσω,
622 1005 696 1048 καὶ
731 1005 951 1048 συνάπτει·
999 1004 1023 1049 ὁ
1053 1005 1100 1049 δὲ
1129 1004 1239 1049 κατὰ
1264 1005 1315 1050 τὸ
1339 1004 1451 1062 γόνυ
1479 1004 1569 1062 ἑφιέ

277 1070 484 1127 στάμενος
524 1070 673 1122 αυταῖς
713 1070 909 1127 φέρεται,
946 1072 1161 1128 ἐπιλαβών
1193 1077 1291 1116 ταῖν
1327 1075 1475 1129 χεροῖν
1506 1069 1585 1115 τω

279 1138 492 1195 ὀφθαλμω
521 1142 601 1182 τοῦ
630 1138 859 1194 φέροντος·
901 1139 1063 1196 ταύτην
1088 1140 1162 1183 καὶ
1189 1138 1367 1192 ἱππάδα,
1393 1139 1468 1183 καὶ
1493 1154 1567 1183 xv·
1578 1142 1622 1178 15

190 1213 269 1254 123
278 1208 491 1270 βησίνδαν
517 1208 699 1249 καλοῦσι
725 1204 804 1261 τήν
830 1206 1019 1251 παιδιάν.
1050 1243 1056 1250 .
1083 1206 1178 1249 *‘H
1206 1206 1252 1250 δὲ
1284 1209 1419 1262 χαλκῆ
1445 1210 1565 1262 μυῖα,

277 1275 434 1330 ταινίᾳ,
458 1271 517 1316 τῶ
554 1270 770 1328 ὀφθαλμώ
808 1275 1157 1330 περισφίγξαντες
1194 1271 1288 1324 ἑνός
1331 1272 1504 1324 παιδὸς,
1542 1271 1566 1317 6

276 1341 353 1398 μὲν
389 1339 715 1396 περιστρέφεται
747 1339 986 1395 κηρύττων,
1016 1344 1175 1397 χαλκῆν
1203 1344 1335 1395 μυῖαν
1360 1338 1564 1396 θηράσω·
1598 1361 1602 1364 ⁴

279 1410 323 1452 οῖ
361 1406 402 1451 δ’
444 1405 802 1461 ἀποκρινάμενοι,
832 1406 1050 1464 θηράσεις,
1079 1405 1179 1452 ἀλλ’
1214 1405 1269 1451 οὐ
1303 1405 1442 1463 λήψει,
1469 1405 1569 1451 σκύ-

276 1485 365 1519 τεσι
392 1476 615 1531 βυβλίνοις
651 1473 858 1518 παίουσιν
896 1473 1041 1527 αὐτὸν,
1070 1475 1151 1526 ’ἕως
1181 1473 1297 1526 τινὸς
1324 1471 1470 1519 αὐτῶν
1495 1472 1621 1530 λή-Ξο

275 1549 411 1593 ψεται.
458 1539 516 1583 Ἡ
545 1541 589 1584 δὲ
629 1538 726 1596 ἔξεχ’
762 1535 797 1584 ὦ
835 1539 922 1597 φιλ’
960 1541 1050 1598 ἥλιε
1085 1541 1257 1595 παιδιὰ,
1286 1540 1447 1598 κρότον
1483 1540 1567 1598 ἔχει

275 1612 364 1652 τῶν
393 1609 561 1651 παίδων
590 1606 671 1651 σὺν
697 1610 758 1663 τῷ
783 1607 1037 1665 ἐπιβοήματι
1063 1607 1217 1667 τούτῳ,
1245 1607 1408 1653 ὁπόταν
1428 1606 1567 1665 7νέφος

276 1675 489 1732 ἐπιδράμῃ
514 1674 592 1718 τὸν
615 1673 744 1718 θεόν·
776 1674 880 1718 ὅθεν
906 1677 980 1720 καὶ
997 1675 1206 1732 Στράττις
1229 1675 1277 1720 ἐν
1300 1676 1566 1728 Φοινίσσαις,

192 1761 277 1807 124
360 1753 467 1798 *εἶθ’
500 1753 622 1809 ἥλιος
656 1752 734 1809 μὲν
763 1755 956 1798 πείθεται
987 1759 1078 1806 τοῖς
1105 1756 1305 1807 παιδίοις,

361 1821 469 1864 ὅταν
504 1820 706 1875 λέγωσιν,
739 1819 841 1876 ἓ’ξεχ’
871 1816 907 1864 ὦ
941 1819 1027 1877 φίλ’
1057 1820 1158 1878 ἥλιε.
1573 1821 1620 1877 25

272 1909 331 1952 Ἡ
356 1909 402 1959 δὲ
427 1909 737 1964 τρυγοδίφησις
773 1912 855 1952 τοῦ
881 1911 1052 1964 γελοίου
1079 1909 1206 1966 χάριν
1232 1908 1468 1966 ἐξεύρηται·
1503 1909 1572 1952 δεῖ

276 1975 361 2033 γάρ
402 1989 444 2018 τι
479 1975 523 2026 ἐς
562 1973 717 2029 τρυγὸς
744 1974 929 2031 λεκάνην
955 1974 1258 2028 καταδεδυκός,
1290 1974 1566 2032 περιαγαγόν-

278 2060 331 2087 τα
360 2041 496 2086 ὀπίσω
539 2057 597 2083 τω
628 2046 738 2096 χεῖρε
766 2044 828 2097 τῷ
856 2041 1034 2098 στόματι
1062 2041 1299 2086 ἀνελέσθαι.
1340 2041 1398 2085 Ἡ
1419 2043 1465 2086 δε
1492 2059 1567 2100 μη-

277 2107 469 2164 λολάνθη
506 2111 616 2161 ζῶον
644 2106 810 2164 πτηνόν
848 2109 974 2159 εστιν,
1003 2109 1057 2165 ἢν
1095 2109 1167 2152 καὶ
1194 2107 1466 2190 μηλολόνθην
1494 2125 1567 2154 κα-

278 2179 455 2226 λοῦσιν,
493 2173 588 2230 ἤτοι
625 2174 670 2218 ἐκ
697 2178 771 2230 τῆς
799 2172 1018 2232 ἀνθήσεως
1043 2178 1128 2218 τῶν
1155 2172 1315 2231 μήλων,
1341 2174 1370 2232 ἢ
1405 2174 1487 2219 συν
1512 2177 1621 2233 τῇδο

279 2241 459 2299 ἀνθήσει
485 2237 844 2297 γιγνόμενον·οὔ
867 2240 980 2296 ζωου
1009 2243 1130 2285 λίνον
1165 2241 1414 2298 ἐκδήσαντες
1442 2239 1571 2302 α’φια-

280 2320 372 2362 σιν,
400 2307 449 2353 τὸ
478 2307 525 2352 δὲ
563 2308 804 2359 ελικοειδῶς
840 2309 886 2352 ἐν
921 2311 974 2366 τῇ
1011 2307 1158 2364 πτήσει
1195 2307 1245 2352 τὸ
1272 2310 1395 2354 λίνον
1419 2310 1567 2355 διελίσ-

194 2392 275 2439 125
285 2388 421 2422 σεται·
468 2374 604 2429 *ὅπερ
632 2372 940 2431 Ἀριστοφάνης
967 2375 1076 2419 ἔοικε
1103 2375 1253 2432 λέγειν,

366 2453 597 2507 λινόδετον,
627 2451 759 2509 ὅσπερ
788 2451 1076 2510 μηλολόνθην,
1101 2457 1182 2498 τοῦ
1206 2451 1352 2505 ποδός.

277 2543 336 2588 Ἡ
366 2544 412 2589 δὲ
447 2543 533 2600 χελὶ
570 2541 753 2600 χελώνη,
787 2540 1019 2599 παρθένων
1047 2542 1160 2588 ἐστὶν
1188 2542 1216 2598 ἡ
1244 2535 1406 2597 παιδιὰ,
1433 2539 1618 2598 παρά-35

1659 2658 1664 2781 ¹}
