1664 2950
686 163 1430 209 111.6.187

135 246 277 338 γένει,
306 278 381 324 καὶ
419 279 466 324 ἐν
501 277 667 334 αἵματι,
703 275 777 319 καὶ
805 274 1013 325 οἰκείους.
1051 271 1125 317 καὶ
1154 269 1429 326 ἀναγκαίους,

141 348 215 393 καὶ
250 351 367 391 θεῶν
394 344 611 405 ὁμογνίων
636 341 895 396 κοινωνοὺς,
932 341 1006 386 καὶ
1032 343 1107 398 τῆς
1135 337 1266 394 αὐτῆς
1293 337 1434 388 ἑστίας

106 413 360 474 μετόχους.

426 535 570 592 *Περὶ
596 534 751 592 γένους
776 531 850 577 καὶ
877 531 1132 588 συγγενείας.
1442 533 1469 573 6

118 631 142 669 5
262 628 396 679 Γένος
433 626 479 671 δε
508 622 726 676 εἶναι,τό
756 621 885 680 φύσει
912 619 1194 676 προσὸν,ού
1230 617 1280 663 τὸ
1317 616 1439 676 νόμῳ

145 694 340 753 προσιόν,
386 691 483 738 οῖον
508 692 681 750 γονέας,
710 692 835 741 υιεῖς,
865 687 1096 744 ἀδελφοὺς,
1124 687 1197 731 καὶ
1224 684 1326 737 τοὺς
1354 684 1442 741 πρὸ

146 761 314 807 τούτων
357 761 432 809 καὶ
460 760 506 805 ἐκ
531 757 710 804 τούτων.
740 754 811 814 ἐφ’
842 751 904 801 ὧν
931 755 1004 799 καὶ
1030 754 1057 812 ἡ
1085 753 1208 810 γενεὰ
1240 753 1442 797 τάττεται.

144 827 306 880 Ἰσαῖος
335 823 381 872 δὲ
399 827 472 872 καὶ
490 825 647 883 γένναν
675 826 862 880 εἴρηκεν,
903 823 950 867 ἐκ
977 826 1052 878 τῆς
1074 820 1326 874 Ἀναξίωνος
1355 820 1446 876 γέν-’

148 907 230 948 νας
256 895 330 940 καὶ
357 891 644 948 Πολυκράτου
680 889 796 934 ὅντα.
830 889 1049 945 συγγένεια
1079 889 1126 933 δὲ
1182 887 1236 933 οὐ
1274 887 1322 931 τό
1364 886 1443 943 φύ-

98 970 236 1015 ιοσει,
273 961 393 1022 νόμῳ
422 961 468 1005 δὲ
495 957 883 1015 προσγιγνόμενον,
924 953 1022 1001 οἷον
1068 955 1311 1013 γαμβροὺς,
1350 970 1445 999 κενκ

152 1029 333 1086 θερούς,
362 1029 434 1073 καὶ
463 1026 560 1071 ὅσοι
597 1025 676 1082 τὴν
704 1023 942 1080 οἰκειότητα
978 1022 1087 1078 πρὸς
1113 1022 1225 1079 ἡμᾶς
1262 1023 1307 1066 ἐκ
1347 1034 1445 1066 συν-

152 1095 310 1155 θήκης,
343 1093 439 1140 ἄλλ’
469 1091 551 1138 οὐκ
580 1092 622 1146 ἐξ
651 1090 839 1148 α’νοῖγκης
871 1091 1027 1147 ἔχουσι.
1069 1088 1117 1133 vd
1156 1089 1234 1144 μὲν
1271 1088 1354 1145 γὰρ
1382 1089 1446 1145 γέ-

153 1180 231 1216 νος
244 1161 348 1222 ἦμῖν
365 1160 478 1220 ὁμοῦ
493 1164 546 1219 τῇ
560 1160 720 1217 γενέσει
738 1157 908 1202 σύνεστι
917 1158 988 1201 καὶ
1007 1154 1088 1201 οὐκ
1105 1156 1260 1201 ἔ”στιν
1235 1174 1303 1201 οτε
1321 1157 1446 1201 παύε-

154 1247 236 1276 ται.
292 1229 358 1288 1*ἡ
397 1229 442 1274 δὲ
478 1227 700 1285 συγγένεια
729 1229 869 1283 καιρῷ
906 1241 951 1268 τε
991 1223 1163 1280 ἄρχεται
1211 1225 1283 1268 καὶ
1324 1224 1480 1284 νόμῳἹ

104 1306 146 1342 15
157 1297 350 1343 παύεται.
390 1296 511 1355 νόμῳ
551 1294 635 1353 γὰρ
675 1293 815 1348 ωσπερ
851 1294 1097 1336 συνίσταται
1131 1291 1292 1348 γάμος,
1337 1293 1450 1337 οὕτω

157 1366 230 1414 καὶ
259 1364 488 1410 διαλύεται.
518 1362 725 1413 λυθέντος
751 1359 834 1417 γὰρ
866 1359 978 1412 ἅπαξ
1007 1363 1088 1404 τοῦ
1114 1359 1271 1415 γάμου,
1299 1361 1372 1403 καὶ
1400 1359 1455 1404 τοὶ

160 1431 351 1488 ὄνόματα
387 1430 460 1476 διὰ
495 1429 573 1475 τόν
608 1428 750 1487 γάμον
786 1426 1105 1483 συναπέρχεται.
1142 1426 1382 1483 διακέκρικε
1410 1426 1453 1471 δ’

163 1497 272 1544 αὐτὰ
299 1502 447 1555 σαφῶς
463 1496 669 1553 ”Ομηρος,

272 1586 303 1645 ἢ
329 1588 391 1638 τίς
418 1602 487 1629 τοι
513 1584 587 1629 καὶ
615 1581 724 1640 πηὸς
752 1580 967 1638 οἷπέφθιτο
994 1580 1146 1626 Ἰλιόθι
1173 1580 1274 1636 πρὸ,

110 1653 162 1708 20⁴
277 1652 432 1705 ἐσθλός
475 1651 559 1696 ἐών
604 1648 820 1708 γαμβρός,
870 1647 899 1706 ἢ
936 1649 1172 1706 πενθερὸς,
1223 1650 1270 1694 οἵ
1302 1665 1345 1693 τε
1383 1649 1460 1707 μά-

378 1725 502 1766 λιστα

276 1787 472 1846 κήδιστοι
499 1784 726 1830 τελέθουσι
761 1781 861 1841 μεθ’
901 1779 1008 1846 αἷμά
1043 1800 1088 1829 τε
1127 1785 1200 1829 καὶ
1227 1783 1352 1840 γένος
1388 1783 1462 1830 αὖ·

379 1869 477 1898 των.

168 1943 351 1996 τούτους
386 1944 431 1988 δὲ
459 1944 715 1999 προσκηδεῖς
756 1938 994 1995 Ἡρόδοτος
1021 1939 1209 1997 κέκληκε.
1250 1940 1465 1998 πρότερον

117 2007 255 2064 Ξςοῦν
290 2012 388 2065 περὶ
415 2014 495 2055 τοῦ
523 2009 700 2066 γένους,
739 2006 829 2053 εἶτα
866 2008 965 2063 περὶ
1001 2011 1075 2065 τῆς
1105 2011 1350 2065 συγγενείας
1389 2009 1466 2054 οὕ-

171 2096 231 2124 τω
252 2079 424 2136 ῥητέον.

508 2222 1030 2266 *KEQAAAION
1065 2224 1114 2264 B.
1476 2238 1502 2278 3

666 2343 775 2399 Περὶ
800 2343 976 2400 γονέων.

291 2422 357 2468 Τὸ
380 2422 458 2481 μὲν
486 2418 568 2468 οὖν
587 2422 739 2467 κοινὸν
767 2424 914 2474 εἰπεῖν,
942 2427 1096 2478 γονεῖς,
1124 2427 1280 2474 τοκεῖς,
1312 2424 1355 2466 οἱ
1380 2437 1471 2478 γεν-

130 2489 404 2546 εονὴσαντες,
434 2493 479 2534 οἱ
505 2489 734 2547 φύσαντες,
765 2491 808 2533 οἱ
836 2491 1103 2545 σπείραντες,
1133 2492 1176 2534 οἱ
1203 2489 1472 2546 ποιήσαντες,

184 2559 229 2601 οἱ
251 2557 468 2609 τεκόντες,
499 2559 542 2601 οἱ
569 2555 887 2612 προαγαγόντες
917 2559 976 2607 εἰς
1005 2561 1117 2612 φῶς,
1149 2559 1193 2600 οἱ
1219 2555 1471 2611 θρέψαντες,

187 2625 231 2667 οἱ
248 2624 443 2680 πατέρες.
477 2628 607 2668 τοῦτο
634 2620 720 2678 γὰρ
749 2622 804 2667 οὐ
830 2622 940 2667 κατὰ
977 2627 1058 2667 τοῦ
1085 2622 1372 2679 γεννήσαντος
1400 2618 1476 2676 μό-
