1664 2950
222 143 276 194 ιι
455 132 578 177 1011.
607 131 866 179 arnmot
907 132 1246 175 tremum

221 248 477 298 substituat,
507 252 578 295 et.
606 251 657 287 ut
683 242 886 289 breviter.
905 243 1075 299 dicam,
1111 245 1290 301 copiam.
1305 245 1528 291 orationis

214 308 417 362 ,Graecae
445 304 523 352 iis,
551 301 628 358 qui
648 299 818 345 Graece
845 299 1008 344 discere
1038 302 1216 356 volunt,
1252 298 1520 361 suppeditet,

221 365 318 422 quis
341 376 500 418 quaeso
523 359 572 401 in
591 364 712 403 tanta
727 356 902 412 linguae
918 357 1083 400 latinae
1099 358 1284 412 penuria
1302 367 1371 401 tot
1389 373 1520 403 voea-

220 421 326 463 bula
350 415 561 474 reperiet,
590 413 747 469 quibus
773 413 926 456 eadem
945 428 1059 477 quae
1086 413 1265 458 ‘Graecis
1290 415 1361 459 vis
1382 423 1521 472 atque

222 472 543 530 significationis
565 469 670 512 insit
687 469 830 510 ratio?
860 476 902 510 et
931 484 967 511 sl
986 471 1058 512 vel
1075 471 1272 515 maxime
1289 469 1519 522 invenerit,

226 531 363 588 (quod
385 539 532 572 tamen
549 525 651 569 fieri
667 539 792 582 posse
811 539 838 567 a
858 539 1081 583 quoquam
1099 534 1302 583 pernego)
1313 528 1522 571 versione

225 596 345 630 certe
365 600 444 628 sua
463 598 552 627 nou
567 595 769 638 graecam
787 580 1003 637 linguam,
1031 583 1107 625 sed
1124 583 1309 627 latinam
1329 582 1519 627 docebit.

165 683 169 685 .
227 643 343 701 Quis
374 655 511 697 porro
542 638 721 682 vitiosas
756 635 966 693 loquendi
1002 639 1192 682 rationes
1231 639 1522 692 Graecorum,

225 708 305 743 aut
354 698 523 749 oeticas,
551 703 594 738 et
611 693 818 748 tragicas,
848 695 920 737 vel
938 692 1284 751 dithyrambicas
1300 710 1402 739 cum
1419 702 1522 739 me·-

225 756 325 800 liori
359 769 408 796 us
425 754 472 796 in
488 751 624 797 latina
639 748 805 805 lingua,
833 757 911 792 aut
924 749 1083 794 iisdem
1097 749 1334 794 vocabulis·
1346 751 1408 795 ita
1437 767 1522 807 ex-

259 811 404 861 timet,
438 816 490 851 ut
517 809 657 853 lector
683 820 841 861 graeca
857 805 1074 862 inspicere
1089 822 1180 850 nou
1195 806 1358 851 habeat
1377 811 1521 866 opus?

270 875 289 910 t
310 875 491 918 taceam,
511 878 624 920 quae
644 861 774 904 certis
787 861 1033 904 auctoribus
1052 870 1225 907 tantum
1238 864 1397 908 usitata
1414 879 1522 922 pau-

226 926 311 966 sim
338 923 462 965 citat:
504 935 615 976 quae
639 918 675 960 si
706 925 883 960 vertere
907 918 1040 971 velis,
1078 919 1227 962 oleum
1261 927 1306 963 et
1339 935 1522 977 operam

226 981 386 1038 perdas
430 992 605 1019 necesse
643 981 722 1018 est.
779 974 850 1017 Ex
887 972 1138 1018 innumeris
1170 975 1383 1034 exemplis
1409 976 1521 1019 haec

227 1035 399 1089 accipe:
445 1033 603 1076 Pollux
627 1038 777 1074 noster
789 1031 917 1073 slibro
947 1032 1019 1073 111.
1065 1046 1195 1088 segm.
1220 1037 1288 1077 70.
1330 1032 1394 1075 sic
1434 1033 1521 1075 aits

229 1091 457 1148 φιλόπαις,
483 1084 789 1142 παιδεραστής,
829 1087 1108 1143 παιδοφίλης,
1139 1085 1199 1139 ὥς
1226 1089 1518 1144 Τηλεκλείδης·

227 1147 304 1191 καὶ
325 1141 871 1200 παιδοφιλεῖσθαιΙΠάτων
900 1144 1068 1199 εἴρηκεν
1095 1143 1119 1188 ὁ
1148 1142 1345 1200 κωμικός·
1376 1143 1402 1188 ὁ
1424 1145 1522 1201 μέν·

227 1219 297 1247 τοι
328 1199 544 1256 παιδέρως
581 1198 690 1250 Ζεύς
729 1197 848 1252 παρα
889 1201 1141 1256 Τηλεκλείδῃ
1178 1199 1407 1244 πέπαικται
1438 1211 1521 1244 ete.

230 1259 466 1316 Quomodo
497 1257 602 1299 haec
627 1255 761 1299 latine
787 1255 1038 1311 exprimes?
1067 1257 1138 1299 Au
1157 1259 1522 1314 cuminterprete

230 1315 378 1357 dices?
407 1315 666 1359 Puerorum
692 1318 897 1363 amator,
928 1311 1164 1363 cinaedus,
1193 1320 1246 1355 ut
1266 1312 1523 1356 Tela-lidos

229 1372 277 1414 in
307 1371 399 1418 uit,
448 1377 493 1412 et
532 1368 956 1427 puerorum.amori
998 1384 1186 1426 operam
1223 1369 1356 1421 dare,
1401 1369 1521 1413 dixit

232 1387 370 1471 PZzto
393 1425 612 1469 Comicus.
656 1425 713 1467 Et
731 1423 907 1480 Iupiter
918 1439 1168 1481 puerorum
1184 1433 1379 1475 amator,
1396 1425 1524 1484 apud

234 1482 514 1527 Telecliclem
528 1480 675 1538 fictus
700 1487 780 1522 est.
845 1481 973 1523 Haud
1011 1496 1116 1524 sane
1161 1481 1424 1525 crediderim
1457 1481 1523 1524 sio

229 1539 423 1594 aliquem
454 1538 564 1579 haec
591 1536 868 1578 redditurum
897 1536 1051 1589 latine,
1078 1544 1157 1579 aut
1181 1537 1243 1580 sic
1256 1538 1397 1580 latine
1417 1538 1525 1580 red-9

230 1595 320 1637 dita
339 1593 501 1650 absque
515 1593 685 1636 Graeco
701 1592 1042 1635 intellecturum.
1081 1591 1165 1636 Sed
1183 1591 1248 1634 rei
1263 1591 1524 1637 manifestae

229 1649 481 1701 immorari,
511 1656 556 1690 et
579 1649 709 1705 plura
732 1647 935 1704 exempla
962 1655 1245 1701 coacervare,
1288 1664 1403 1706 quae
1426 1649 1524 1692 fere

230 1706 394 1760 ubique
414 1704 543 1746 obvia
567 1711 685 1755 sunt,
713 1704 828 1746 nolo.
876 1703 1010 1760 Quod
1034 1705 1151 1747 enim
1167 1704 1325 1770 aliquis
1336 1705 1398 1748 ¹de
1419 1706 1525 1750 Ari-

231 1761 384 1804 stotele
418 1759 523 1802 olim
552 1759 938 1824 pronunciaverat,
980 1775 1081 1803 eum
1112 1769 1202 1803 tam
1221 1775 1316 1804 sme
1341 1761 1523 1805 Graecis

230 1817 368 1860 literis
386 1815 565 1871 intellig1
589 1815 751 1871 optime
774 1830 919 1873 posse,
957 1831 1089 1872 quam
1116 1817 1212 1859 sine
1227 1818 1361 1871 sesid
1380 1819 1526 1862 *veris-

231 1873 341 1916 sime
377 1872 431 1914 de
468 1871 643 1914 Polluce
677 1878 826 1913 nostro
860 1871 948 1914 dici
973 1888 1100 1930 posse
1125 1872 1337 1918 existimo.
1381 1874 1524 1932 rQuan

232 1943 333 1971 cum
351 1927 412 1973 ita
430 1942 523 1971 sese
539 1926 776 1975 habebant,
788 1927 953 1984 placuit
971 1929 1149 1971 tandem
1167 1929 1400 1974 Gualtheri
1420 1945 1526 1973 ver-³

231 1985 398 2027 sionem
418 1983 710 2039 interpolare,
738 1992 781 2024 et
807 1993 1019 2040 quantum
1044 1985 1143 2028 fieri
1163 1994 1358 2042 poterat,
1385 1986 1525 2030 talem

230 2039 432 2090 reddere,
452 2053 564 2094 quae
583 2054 684 2080 cum
700 2037 851 2081 fructu
869 2056 894 2082 a
919 2041 1079 2083 lectore
1106 2041 1152 2083 in
1170 2041 1351 2085 Graecis
1373 2042 1526 2086 minus

232 2095 466 2138 exercitato
487 2093 654 2136 consuli
671 2103 824 2150 posset.
854 2096 990 2153 ldque
1008 2113 1088 2154 per
1112 2097 1335 2155 integrum
1357 2098 1526 2153 librum

229 2152 429 2208 primum
457 2165 482 2192 a
512 2149 635 2192 nobis
660 2151 916 2205 praestitum
950 2161 1038 2195 est:
1066 2154 1128 2196 ita
1153 2163 1312 2208 tamen,
1339 2161 1390 2198 ut
1411 2155 1526 2197 estin

230 2206 305 2249 illo
322 2206 435 2250 libro
456 2206 599 2248 adhuc
617 2206 756 2248 multa
775 2207 874 2256 sint,
905 2223 1016 2264 quae
1036 2209 1305 2267 diligentiam
1326 2211 1527 2254 nostram

229 2261 404 2318 fugisse,
434 2275 707 2317 nequaquam
731 2261 1004 2309 diffiteamur.
1061 2265 1132 2309 Sic
1148 2255 1363 2310 insen-'alia
1379 2281 1526 2322 quan-

231 2319 287 2360 do
311 2318 466 2360 Pollux
501 2318 635 2360 ἴππου
663 2318 815 2370 ‚tradit
849 2319 1027 2365 ἔπαινον
1061 2322 1164 2365 libri
1184 2325 1216 2367 Ι.
1263 2327 1399 2380 segm.
1428 2326 1528 2368 189.»

229 2373 291 2415 ita
311 2373 472 2430 legitur
486 2371 540 2413 in·
562 2373 755 2415 Graeco:
794 2374 1000 2446 τράχηλος
1031 2375 1275 2436 εὐκαμπὴς,
1312 2378 1372 2430 ὥς
1398 2375 1528 2422 ἀλῶν·

229 2426 444 2485 τρυόνων,
477 2425 567 2471 ἀλλ’
589 2426 669 2484 οὐχ
695 2427 836 2486 ὥσπερ
859 2447 1034 2487 καπρου
1053 2431 1205 2489 ὀρθός.
1236 2434 1527 2493 Quaedam-i

230 2500 333 2542 pres
351 2483 615 2527 Gualtherus
634 2486 680 2526 in
702 2487 901 2528 versione
918 2502 998 2531 sua
1017 2489 1102 2532 hoc
1128 2490 1260 2535 modo
1274 2489 1527 2548 expromite

233 2541 403 2588 collum
433 2539 667 2583 incurvum
687 2541 924 2598 gallorum
952 2560 1104 2598 more,
1133 2562 1226 2598 non⁴
1250 2547 1443 2597 rectum,
1471 2550 1529 2587 ut

231 2595 493 2649 hit-corma„
548 2594 635 2639 Ubi
677 2596 780 2641 lieet
825 2614 909 2656 pro
950 2600 1187 2648 incurvum
1224 2603 1526 2648 substituet-m·
