1664 2950
654 111 753 152 vm.
803 115 878 165 ¹38.
1330 109 1410 150 12⁵

126 222 173 268 δέ
207 238 271 276 τις
298 223 379 269 ,καὶ
407 221 702 280 παράστασις,
732 220 960 277 ἐπωβελία,
993 221 1245 275 πρυτανεῖα,
1272 229 1407 270 παρα-

123 289 352 348 καταβολή.
391 289 486 333 *Toi
521 289 600 346 μὲν
636 294 870 342 πρυτανεῖα
908 286 1144 343 ὡρισμένα,
1175 285 1200 330 ὅ
1242 301 1284 330 τι
1320 285 1404 328 ἔδει
1414 293 1470 334 38

123 360 381 415 καταβαλεῖν
409 355 493 412 πρὸ
523 359 598 412 τῆς
630 358 748 412 δίκης
773 353 852 399 τὸν
873 354 1083 398 διώκοντα
1114 354 1184 398 καὶ
1209 351 1285 396 τὸν
1314 353 1409 396 διω-

124 422 317 480 κόμενον.
346 424 385 467 εἰ
405 423 453 468 δὲ
472 422 542 480 μὴ,
568 424 808 479 διέγραφον
828 421 908 478 τήν
933 423 1059 478 δίκην
1085 423 1129 465 οἱ
1155 422 1409 476 εἰσαγωγεῖς.

99 489 156 536 5ὁ
185 491 231 536 δὲ
257 490 452 548 ἡττηθεὶς
490 487 694 535 α’πεδίδου
731 488 780 533 τὰ
822 486 932 545 παρ’
970 486 1230 544 ἀμφοτέρων
1265 485 1411 531 δοθέν.

126 557 370 618 ἐλάμβανον
393 558 436 602 δὲ
466 555 573 601 αὐτὸ
593 559 636 602 οἱ
660 558 862 600 δικασταί.
891 555 963 600 καὶ
991 557 1034 600 οἱ
1050 555 1128 612 μὲν
1156 553 1241 598 άπὸ
1258 551 1412 598 ἑκατὸν

127 627 332 682 δραχμῶν
363 624 462 685 ἄχρι
487 625 635 680 χιλίων
660 622 925 680 δικαζόμενοι
943 627 1057 677 τρεῖς
1079 620 1270 678 δραχμάς
1295 635 1413 665 κατε-

126 694 315 737 τίθεντο·
357 693 400 736 οἱ
435 691 481 735 δὲ
510 689 595 734 άπὸ
629 692 774 747 χιλίων
806 689 927 747 μέχρι
962 691 1142 747 μυρίων,
1169 687 1412 745 τριάκοντα.

130 761 173 804 οἱ
202 759 249 804 δὲ
276 761 443 804 οἴονται
469 763 701 815 πρυτανεῖα
728 754 838 800 εἶναι
899 755 948 800 τό
976 755 1226 800 ἐπιδέκατον
1251 758 1331 799 τοῦ
1355 770 1415 798 τι·

74 835 119 869 10
127 825 340 884 μήματος·
383 827 700 870 κατατίθεσθαι
736 823 781 868 δ’
816 821 929 867 ἀὐτὸ
964 822 1069 874 τούς
1112 821 1414 878 γραψαμένους

126 894 197 938 ἐπὶ
223 893 480 950 μισθοδοσίᾳ
506 894 592 934 τῶν
619 892 841 936 δικαστῶν.
886 888 1259 946 1”Παρακαταβολὴ
1289 887 1324 932 δ’
1351 882 1470 944 ἦν89

126 959 198 1004 ἐπὶ
221 959 302 1016 μὲν
335 963 423 1003 τῶν
450 956 560 1014 πρὸς
594 956 643 1002 τὸ
679 955 889 1014 δημόσιον
924 955 1332 1014 ἀμφισβητημάτων,
1362 954 1414 999 τὸ

126 1026 330 1084 πέμπτον.
360 1025 427 1070 ἐπὶ
456 1025 502 1069 δὲ
528 1027 615 1068 τῶν
642 1025 889 1076 ἰδιωτικῶν,
917 1024 966 1069 τὸ
997 1023 1185 1068 δέκατον.
1238 1021 1415 1078 Ἐπωβε·

128 1095 200 1138 λία
229 1091 273 1137 δ’
300 1087 356 1150 ἦν
392 1091 443 1137 τὸ
485 1091 609 1136 ἕκτον
634 1095 715 1136 τοῦ
741 1090 974 1148 τιμήματος
1001 1091 1152 1148 μέρος,
1181 1090 1208 1135 ὃ
1235 1089 1415 1147 ὤφειλεν

75 1161 155 1208 1Ξὸ
184 1162 380 1216 αἱρεθείς.
437 1157 682 1216 ῶνόμασται
718 1158 764 1203 δὲ
806 1159 871 1203 ὅτι
909 1158 1065 1216 ὀβολὸς
1109 1154 1164 1215 ἦν
1205 1157 1254 1202 τὸ
1292 1157 1416 1202 ἕκτον

127 1232 204 1285 τῆς
253 1230 451 1285 δραχμῆς.
502 1227 561 1270 Ἡ
591 1227 636 1272 δὲ
675 1225 939 1282 παράστασις
986 1223 1150 1282 δραχμή
1188 1219 1268 1283 ἦν,
1304 1223 1361 1280 ἢν
1389 1221 1415 1267 ὅ

130 1293 299 1340 διώκων
327 1294 442 1350 παρὰ
477 1296 668 1351 διαιτητῇ
715 1292 1066 1350 προσεισέφερεν·
1105 1291 1186 1350 ἀφ’
1221 1287 1272 1348 ἧς
1312 1293 1417 1342 ἴσως

130 1363 204 1424 καὶ.
252 1360 436 1406 Πλάτων
484 1359 839 1417 παραστήσασθαι
884 1361 943 1410 εἰς
985 1360 1128 1415 κρίσιν
1172 1361 1351 1415 ε’ίρηκεν,
1390 1356 1417 1402 ὃ

131 1427 507 1487 προσκαλέσασθαι
546 1430 588 1472 οῑ
626 1425 813 1485 ῥήτορες.
843 1427 1055 1483 *Γραφαὶ
1082 1426 1142 1479 δὲ,
1170 1425 1313 1483 φόνου
1340 1425 1476 1469 καὶ40

78 1494 378 1553 ωτραύματος
405 1495 451 1539 ἐκ
478 1496 696 1550 προνοίας,
724 1494 796 1537 καὶ
816 1496 1043 1548 πυρκαϊᾶς,
1063 1492 1136 1536 καὶ
1163 1492 1419 1550 φαρμάκων,

133 1563 207 1608 καὶ
223 1563 424 1619 μοιχείας.
452 1562 634 1618 ὕβρεως,
663 1561 914 1616 ἱεροσυλίας,
944 1558 1148 1616 ἀσεβείας,
1167 1561 1417 1614 προδοσίας,

135 1628 309 1687 δῶρων,
338 1631 567 1685 δεκασμοῦ,
594 1627 928 1682 λειποστρατίου,
959 1629 1239 1680 λειποταξίου,
1268 1626 1419 1684 οἷστρα-

134 1698 259 1750 τείας,
287 1698 602 1748 λειποναυτίου,
631 1693 911 1750 άναυμαχίου,
939 1698 1019 1739 τοῦ
1047 1695 1169 1749 ῥῖψαι
1195 1694 1274 1751 τήν
1301 1693 1422 1739 ἀσπί·

135 1767 212 1818 δα,
251 1762 346 1822 ἀφ’·
373 1758 428 1808 οὗ
456 1764 662 1819 ῥίψασπις
689 1759 962 1817 Κλεώνυμος,
989 1759 1197 1818 άγαμίου·
1227 1761 1344 1819 παρὰ
1373 1762 1420 1805 δὲ

80 1833 504 1888 25Λακεδαιμονίοις,
531 1829 604 1874 καὶ
634 1827 888 1884 ὀψιγαμίου,
915 1829 989 1872 καὶ
1015 1830 1306 1885 κακογαμίου·
1348 1827 1423 1884 ἆρ-

133 1901 250 1957 γίας,
287 1897 560 1955 ἑταιρήσεως,
601 1898 946 1952 ψευδεγγραφῆς,
986 1897 1332 1953 ψευδοκλητείας,
1365 1896 1422 1948 ξε-

134 1967 253 2020 νίας,
283 1967 559 2021 δωροξενίας,
599 1962 887 2019 παρανόμων,
917 1963 1190 2018 δοκιμασίας,
1221 1960 1422 2019 εὐθύνης,

135 2035 490 2092 παραπρεσβείας,
517 2034 749 2088 προβολῆς,
776 2028 950 2086 *φάσις
978 2030 1169 2082 ἔνδειξις,
1199 2027 1480 2087 άπαγωγὴ,41

137 2101 414 2160 ἐφηγεῖσθαι,
430 2097 734 2156 ἀνδρολήψιον,
765 2098 1013 2152 εἰσαγγελία.
1075 2095 1244 2147 Ταύτας
1271 2096 1346 2149 τὰς
1365 2099 1424 2141 δί-

85 2185 240 2222 ωκας,
272 2168 299 2225 ἢ
339 2168 438 2213 ὅσαι
463 2170 660 2211 τοιαῦται
699 2165 946 2220 (ἐκαλοῦντο
972 2161 1056 2220 γὰρ
1086 2165 1132 2206 αἱ
1157 2165 1324 2220 γραφαὶ
1351 2165 1424 2209 καὶ

141 2237 276 2289 δίκαι,
313 2234 366 2281 οὐ
402 2234 548 2291 μέντοι
580 2233 654 2276 καὶ
681 2235 727 2277 αἱ
758 2233 874 2276 δίκαι
901 2230 1082 2287 γραφαὶ)
1112 2229 1209 2286 ἐξῆν
1236 2236 1296 2289 τῶ
1324 2235 1426 2288 βου-

142 2303 307 2362 λομένῳ
325 2302 583 2360 γράφεσθαι.
627 2301 702 2345 καὶ
728 2300 775 2344 ἐκ
799 2302 952 2343 πασῶν
977 2295 1144 2341 τούτων
1169 2297 1193 2341 ὁ
1222 2298 1278 2356 μὴ
1306 2315 1425 2356 μετα-

57 2397 63 2426 :2
143 2369 287 2426 λαβών
323 2369 372 2414 τὸ
407 2368 596 2424 πέμπτον
627 2366 756 2423 μέρος
784 2369 871 2410 τῶν
897 2363 1058 2422 ψήφων
1097 2368 1426 2422 προσωφλίσκα-

60 2430 61 2433 “
145 2438 368 2492 νεκχιλίας.
419 2434 474 2479 ‘O
511 2435 556 2478 δὲ
593 2438 667 2490 τῆς
703 2432 896 2490 α’σεβείας
933 2430 1206 2488 γραψάμενος
1243 2433 1316 2475 καὶ
1346 2430 1424 2486 οὐχ

97 2500 265 2546 madv-
286 2504 560 2548 ἐθανατοῦτο.
607 2501 725 2544 *Καὶ
767 2504 840 2556 τῆς
875 2499 952 2555 μὲν
987 2498 1156 2555 ὕβρεως
1192 2497 1240 2541 τὸ
1267 2499 1425 2553 τίμημα

152 2565 231 2612 οὐκ
256 2563 310 2624 ἦν
334 2573 413 2615 τοῦ
440 2567 669 2620 παθόντος,
702 2565 809 2612 ἀλλὰ
836 2564 1054 2624 δημόσιον.
1086 2562 1239 2620 δώρων
1265 2564 1312 2608 δὲ
1353 2579 1424 2608 κα-
