1664 2950
1302 151 1381 197 102

133 390 782 522 T'E'srrIMOMA
840 428 1343 518 QUAEDAM
1446 501 1449 503 ,

102 583 106 586 .
192 542 550 590 ’ΒΟΟΤΟΒΠΜ
576 541 845 587 VIRORVM
871 540 950 583 DE
978 537 1264 583 POLLUCE.

95 617 339 691 Isaocus
383 628 745 676 Casaubo'nus
784 615 1140 688 Wolfgango
1174 625 1387 692 sehero·

629 718 679 763 S.
786 717 847 764 D.
1168 716 1170 719 ’

101 802 310 874 Gaudeo
349 829 595 880 susceptam
635 836 661 864 a
695 827 741 864 te
774 804 961 868 Pollucis
1011 818 1271 868 editionem.
1316 818 1386 864 vir

98 891 356 936 doctissime.
409 893 560 949 Neque
599 887 715 931 enim
757 886 911 931 dubito
953 887 1051 932 fore
1078 891 1228 933 utilem
1257 891 1390 947 Reip:

95 947 346 999 litterariae,
374 962 505 1004 quam
533 947 579 989 in
609 961 660 988 eo
686 945 894 1002 posuisti,
921 959 1132 1002 ope1·am.·
1172 948 1252 990 Est
1280 961 1386 988 sane

94 1004 277 1055 Pollux,
304 1004 340 1047 si
367 1003 473 1069 quid
501 1001 661 1053 iudico,
687 1002 877 1059 scriptor
904 1002 1116 1058 optimus,
1146 1002 1387 1045 eruditissi-

95 1074 209 1112 mus,
238 1058 515 1103 utilissimus:
544 1066 588 1100 et
616 1072 668 1100 eo
694 1058 881 1110 saeculo,
910 1058 1026 1113 quod
1056 1066 1124 1100 tot
1165 1059 1302 1101 claros
1337 1058 1385 1100 in

95 1116 250 1159 litteris
274 1117 392 1159 viros
418 1115 532 1167 tulit,
561 1113 852 1170 dignissimus.
910 1113 1030 1156 Olim
1060 1128 1161 1157 cum
1184 1115 1228 1156 in
1244 1115 1388 1158 Athe-

95 1186 208 1214 naeo
236 1187 442 1219 essemus,
471 1171 612 1213 multa
640 1170 1049 1217 observaveramus.
1086 1185 1197 1227 quae
1223 1171 1259 1212 si
1288 1179 1386 1212 tum

96 1227 402 1279 edidissemus,
439 1227 631 1281 aliquam
667 1225 856 1268 fortasse
888 1226 1074 1282 gratiam
1112 1226 1167 1268 ab
1203 1227 1387 1269 eruditis

94 1283 347 1328 hominibus
372 1283 630 1326 iniissemus.
694 1282 779 1325 sed
807 1282 863 1324 ab
890 1283 964 1324 illo
994 1290 1192 1339 tempore
1220 1282 1279 1325 ita
1316 1283 1389 1323 di·-

95 1353 219 1382 versa
242 1355 325 1382 nos
351 1339 602 1382 habuerunt
627 1338 786 1390 studia,
813 1346 865 1380 ut
892 1337 948 1380 de
977 1352 1030 1379 eo
1059 1338 1275 1394 cogitandi
1302 1339 1387 1381 vix

95 1395 241 1438 ocium
271 1395 506 1453 aliquando
533 1393 681 1436 fuerit.
710 1393 876 1438 Verum
903 1409 989 1436 non
1008 1394 1161 1437 dubito
1180 1403 1224 1436 et
1243 1397 1398 1452 plura,-

98 1459 144 1493 et
178 1452 360 1494 meliora
397 1465 512 1502 esse,
549 1464 663 1505 quae
700 1449 967 1497 observasti,
998 1450 1077 1504 qui
1106 1465 1159 1492 ex
1188 1451 1387 1506 professo

98 1521 194 1549 eam
222 1506 498 1564 provinciam
529 1504 750 1568 suscepisti
780 1505 1036 1548 curandam.
1099 1507 1253 1560 Itaque
1279 1521 1388 1547 cru-

98 1563 192 1604 cim·
228 1561 532 1618 expectatione
570 1561 768 1602 editionis
806 1569 929 1602 tuae:
979 1575 1079 1603 cum
1129 1562 1387 1618 praesertim

98 1617 208 1660 adsit
237 1617 313 1659 tibi
341 1615 501 1660 David
526 1615 840 1668 Hoc-schelius,
871 1616 944 1657 vir
971 1616 1239 1659 Graecarum
1266 1618 1389 1659 litte-

96 1688 247 1716 rarum
270 1672 568 1730 peritissimus,
598 1679 642 1713 et
658 1671 807 1715 iudicii
829 1671 948 1714 recti.
993 1672 1231 1729 Symbolae
1247 1686 1395 1724 meae,‘

97 1729 136 1771 si
165 1744 294 1785 quam
323 1728 439 1770 forte
467 1735 619 1769 nactus
647 1727 813 1778 ocium,
839 1742 931 1783 quo
960 1743 1077 1770 nunc
1107 1743 1253 1779 care-0,
1283 1745 1388 1786 pos-

99 1785 181 1828 sim
221 1783 448 1835 conferre,
491 1798 581 1825 non
619 1783 746 1824 debes
783 1783 843 1824 ita
881 1783 1092 1826 rationem
1127 1785 1307 1837 hahere,
1337 1794 1388 1828 ut

99 1847 332 1898 propterea
376 1838 669 1882 studiosorum
717 1846 820 1880 vota
856 1847 982 1896 putes
1026 1841 1259 1890 tardantia,
1311 1849 1390 1883 aut

102 1895 352 1940 differenda.
409 1895 530 1941 Vale.
557 1894 754 1939 Lutetiae
783 1894 1051 1939 Parisiorum
1080 1909 1161 1941 xv.
1200 1897 1386 1940 Kalend.

100 1952 238 2010 April.
259 1963 335 1994 cm
347 1961 394 1994 ιο
408 1962 526 1994 cvu.

184 2105 223 2152 I.
249 2105 310 2153 Η.
336 2106 656 2151 Boeo-term
682 2107 928 2153 Dissert.
958 2108 1023 2152 de
1048 2106 1304 2154 Lexicis.

101 2189 191 2262 Ex
215 2218 300 2262 illis
325 2219 604 2276 antiquorum
632 2220 800 2264 Lexicis
828 2235 939 2276 quae
974 2221 1104 2264 hodie
1140 2230 1388 2280 supersunt,

103 2275 312 2330 singulari
369 2275 612 2318 eruditione
671 2277 978 2319 Ροιιυοῐε
1037 2280 1390 2321 ΟΝοΜΑεΤι-

106 2345 132 2374 c
152 2343 223 2373 ON
252 2329 307 2374 X.
335 2331 456 2374 libris
483 2331 548 2372 acl
574 2331 865 2375 Commodum
887 2334 1015 2376 Caes.
1038 2335 1273 2392 praecellit.
1305 2334 1390 2376 Cu-

103 2388 170 2430 ius
208 2401 231 2427 e
260 2387 419 2438 regiam
463 2387 690 2430 editionem
730 2404 846 2430 anno
881 2387 1012 2431 huius
1061 2390 1193 2431 seculi
1233 2399 1388 2432 octavo

106 2445 244 2496 (1608.
298 2443 372 2485 W
367 2441 611 2501 olfgangus
639 2444 828 2486 Seberus
855 2444 969 2513 typis
991 2445 1281 2489 wechelianis
1310 2446 1390 2487 de-

108 2499 187 2541 dit.
227 2497 379 2540 Suidas
418 2501 502 2550 ait,
542 2514 631 2540 esse
659 2511 912 2556 συυαγωγην
938 2504 1026 2544 τῶν
1049 2499 1267 2557 διαφόρως
1282 2500 1389 2545 κατὰ

109 2551 247 2597 αὐτοῦ
276 2553 526 2609 λεγομένων,
559 2555 868 2598 collectionem
896 2572 1050 2600 eorum
1069 2572 1182 2614 quae
1215 2557 1388 2598 diverse

108 2609 164 2654 de
185 2608 340 2652 eodem
362 2610 584 2654 dicuntur.
637 2611 735 2668 Ipse
753 2611 916 2670 (praef.
942 2613 974 2670 I.
1003 2614 1060 2669 1.)
1076 2615 1136 2655 ita
1155 2627 1399 2668 argumen-.
