1664 2950
317 164 374 204 80
606 151 855 196 TIBERII
891 144 1326 212 HEMs'rERHms

318 270 373 313 de
390 265 687 324 Xenophonte
706 265 1074 308 commentatione
1086 284 1098 308 ε
1139 266 1248 310 Non
1262 269 1427 326 putavi
1444 270 1612 324 autem,

316 327 486 382 inquit,
516 322 697 364 silentio
713 321 1114 380 praetereundam,
1143 324 1261 380 qaod
1282 339 1505 383 perquam
1527 343 1613 370 au-

317 383 477 426 dacter
498 379 751 421 iudicarem
767 375 945 432 factum
963 393 1057 419 esse
1083 395 1112 421 a
1133 380 1319 423 Polluce
1343 381 1610 425 barbaricae

312 436 507 496 ‘originis
535 434 741 478 homine.-
769 433 842 475 hic
873 434 995 475 enim
1017 450 1104 477 non
1124 436 1358 486 dubitavit.
1389 439 1612 496 quasdam

315 510 410 538 esse
440 491 566 550 apud
590 491 706 533 hunc
723 496 955 531 auctorem
973 489 1103 542 λέξεις
1127 491 1357 549 φορτικὰς,
1389 496 1520 552 quasi
1541 495 1612 538 di.

316 565 474 594 camus
494 545 763 590 inim-undas
792 553 873 588 aut
890 547 1120 600 molestas,
1155 548 1209 589 de
1227 564 1310 606 quo
1331 550 1479 607 ipsum
1493 567 1610 609 pro-

305 607 437 667 fecto
467 602 776 663 pronunciare
811 618 1096 660 nequaquam
1126 603 1303 656 decuit,
1354 619 1494 665 neque
1527 623 1608 650 noe

312 677 473 710 verum
492 675 585 703 esse
610 657 793 701 credere
814 658 1035 702 debemus.
1066 659 1200 714 Quod
1222 668 1375 704 autem
1393 671 1607 706 notarunt

312 718 485 763 eruditi
511 715 696 775 quidam
721 715 767 757 in
792 715 1090 771 Xenophonte
1117 717 1248 774 quasi
1261 718 1447 775 poetica
1465 734 1606 777 quae-

316 776 428 818 clam
448 772 690 823 vocabula,
731 785 786 812 ea
809 773 987 814 omnino
1014 773 1176 815 Attica
1197 788 1292 815 esse
1316 776 1605 818 statuendum

310 839 400 884 est,
430 833 503 887 τῆς
529 828 707 884 ἀρχαίας
732 825 913 883 μάλιστα
931 825 1155 880 Ἀτθίδος,
1196 844 1310 886 qaae
1341 831 1604 888 neutiquam

303 893 493 948 putaret
509 886 588 928 ille
609 884 915 926 oblitteranda
935 891 1018 926 aut
1025 885 1299 941 patiendum
1317 902 1427 936 esse,
1446 895 1496 929 ut
1516 903 1602 931 non

306 960 392 988 usa
410 945 496 986 illa
515 941 853 984 obsolescerent.
893 940 1089 982 Videnne
1112 955 1230 993 vero,
1260 957 1394 996 quam
1423 943 1603 998 indigna

307 1016 410 1043 c-um
437 998 614 1053 originis
641 997 979 1053 exprobratione
997 997 1106 1039 haec
1134 997 1181 1039 in
1201 998 1421 1041 Pollucem
1441 1000 1603 1042 Came-

304 1057 448 1101 rarius
479 1053 716 1096 efluderit'?
754 1053 850 1104 sed,
890 1067 975 1108 qua
1006 1062 1130 1109 pote,
1159 1055 1380 1111 suppetias
1403 1056 1601 1099 eundum

304 1121 393 1155 est:
428 1110 576 1166 negari
601 1109 780 1164 quidem
808 1125 834 1151 a
865 1109 988 1150 nobis
1014 1124 1104 1151 non
1130 1117 1292 1166 potest,
1321 1110 1438 1154 haud
1460 1127 1600 1169 pauca

303 1170 378 1211 vel
396 1168 440 1210 in
461 1166 639 1222 optimis
660 1173 703 1207 et
723 1165 964 1223 purissimis
994 1165 1207 1207 sermonis
1237 1166 1393 1209 Graeci
1413 1168 1600 1225 scripto-

300 1225 424 1268 ribus
444 1239 468 1265 a
493 1223 667 1265 Polluce
689 1229 839 1263 nostro
862 1236 953 1262 esse
977 1220 1229 1279 reprobata:
1258 1225 1331 1264 sed
1353 1223 1437 1266 hoc
1453 1224 1490 1266 si
1510 1224 1599 1266 cri-—

301 1296 406 1324 men
424 1287 503 1331 est,
535 1277 702 1320 crimen
720 1277 825 1319 illud
847 1277 1011 1319 Polluci
1031 1292 1133 1320 cum
1154 1277 1352 1332 pluribus
1371 1278 1454 1321 erit
1473 1295 1598 1322 com-

300 1351 460 1380 mune:
493 1335 585 1391 quis
604 1333 785 1375 enimin
813 1333 866 1375 iis
895 1333 1211 1389 grammaticis,
1239 1334 1314 1390 qui
1341 1343 1596 1378 accuratum

297 1393 476 1448 linguae
518 1391 714 1434 Graecae
752 1397 884 1445 atque
918 1390 1157 1444 elegantem
1196 1403 1325 1432 usum
1369 1406 1597 1448 exponere

295 1457 403 1492 sunt
426 1446 639 1503 aggressi,
668 1460 759 1488 nou
785 1446 998 1501 quaedam
1027 1446 1258 1501 aliquando
1276 1445 1322 1488 in
1340 1447 1596 1503 antiquissi-

297 1505 384 1548 mis
412 1505 542 1546 etiam
575 1501 829 1544 auctoribus
859 1501 1030 1554 virgula
1059 1501 1254 1543 censoria
1274 1502 1462 1545 notavit:
1502 1519 1593 1546 non

297 1561 415 1603 aliud
446 1573 552 1601 sane
580 1558 755 1600 criticae
774 1557 919 1614 potius
936 1556 1183 1600 habebatur
1201 1557 1416 1601 officium:
1445 1559 1591 1624 ipsum

294 1617 561 1673 Dionysium
600 1614 1047 1665 Halicarnassensem,
1095 1627 1226 1669 quem
1263 1629 1396 1656 nemo
1432 1615 1591 1658 duxerit

294 1673 541 1723 indoctum,
581 1677 658 1711 aut
690 1669 867 1711 criticae
903 1668 1164 1711 eruditionis
1204 1678 1446 1727 expertem,
1483 1677 1588 1713 ante

293 1729 444 1770 oculos
471 1734 522 1768 ut
547 1725 628 1768 tibi
656 1740 813 1783 ponam,
843 1725 1000 1766 velim:
1049 1740 1197 1766 nonne
1224 1725 1441 1783 principes
1469 1727 1588 1769 inter

294 1784 488 1826 Graecos
504 1788 700 1823 oratores
719 1780 838 1822 haud
859 1796 948 1822 uno
970 1779 1016 1820 in
1034 1781 1130 1822 loco
1151 1796 1304 1823 severe
1331 1782 1587 1838 castigavit?

292 1840 368 1896 qui
397 1837 585 1893 Longini
609 1836 922 1893 politissimum
962 1850 1074 1892 opus
1115 1837 1418 1892 perlustravit,
1464 1838 1586 1880 idem

289 1895 417 1937 illum
446 1892 602 1935 fecisse
633 1892 759 1934 sciet:
797 1892 904 1948 quin
932 1892 1062 1934 etiam
1092 1891 1309 1935 Lucianus
1337 1893 1385 1935 in
1420 1893 1586 1936 diiudi-

287 1951 427 1993 canda
458 1964 618 1991 vocum
639 1949 830 2006 puritate
860 1948 1075 1989 nonnulla
1102 1948 1393 2003 improbavit,
1423 1950 1583 2006 quibus

287 2007 391 2049 alibi
420 2006 512 2062 ipse
537 2004 600 2046 uti
625 2020 714 2046 non
740 2003 1028 2053 detrectabat,
1068 2005 1182 2060 quod
1214 2005 1384 2062 saepius
1411 2006 1583 2062 egregie

286 2061 435 2104 docuit
466 2075 673 2116 magnum
703 2075 878 2115 semper
908 2060 1114 2101 Bataviae
1140 2061 1288 2102 lumen
1308 2062 1336 2104 l.
1362 2061 1416 2104 G.
1438 2062 1582 2104 Grae..

283 2118 380 2160 vius
402 2117 455 2159 ad
469 2115 776 2160 soloecistam:
807 2115 1015 2163 Galenus,
1047 2115 1230 2171 quinon
1246 2116 1391 2158 minus
1412 2117 1580 2167 critica,

284 2190 419 2226 quam
449 2173 552 2215 artis
582 2171 775 2213 medicae
811 2171 941 2213 laude
968 2171 1138 2223 floruit,
1178 2187 1498 2228 nonnunquam
1528 2173 1578 2215 in

282 2230 548 2286 Hippocrate
573 2235 619 2270 at
645 2242 775 2282 quam
806 2226 944 2268 nitido
974 2236 1018 2269 et
1044 2227 1258 2283 exquisito
1277 2229 1484 2286 scriptore
1503 2229 1579 2270 ni·-

282 2285 419 2328 miam
445 2284 682 2326 verborum
714 2283 1019 2325 obscuritatem
1049 2291 1092 2324 et
1119 2283 1359 2336 nequitiam
1381 2285 1579 2326 notavit:-

282 2341 401 2395 quod
436 2341 471 2382 si
505 2339 599 2395 quis
627 2339 864 2396 Phrynichi
895 2346 936 2380 et
963 2339 1166 2382 Thomae
1182 2338 1379 2395 Magistri
1403 2340 1577 2396 priores

279 2396 415 2439 modo
442 2394 687 2453 inspexerit
719 2396 926 2451 pagellas,
975 2394 1174 2451 gnaviter
1199 2395 1294 2437 illos
1322 2395 1404 2437 hoc
1431 2410 1577 2449 gram-

278 2451 541 2494 maticorum
570 2465 733 2492 munus
757 2450 911 2492 obiisse
938 2450 1239 2492 confitebitur:
1267 2464 1408 2505 neque
1428 2451 1573 2494 Grae-

278 2508 366 2549 ciae
398 2507 704 2548 tantummodo
743 2506 953 2548 limitibus
986 2507 1093 2548 haec
1135 2506 1352 2548 iudicandi
1389 2507 1571 2548 scientia

275 2562 360 2604 tuit
385 2563 614 2605 conclusa:
661 2561 759 2616 pari
793 2561 909 2603 enim
938 2562 1055 2616 apud
1085 2562 1301 2604 Romanos
1326 2563 1493 2615 ratione
1519 2562 1572 2603 in-

274 2617 509 2676 Cicerone‚
537 2617 719 2675 Virgilio
748 2616 932 2674 aliisque
958 2618 1070 2665 bene
1094 2617 1257 2674 multis,
1284 2627 1477 2676 quorum
1495 2618 1567 2662 vel
