1664 2950
177 118 258 162 184
708 113 791 157 111.
847 118 912 159 11.

177 224 228 269 τὸ
266 221 455 279 εἰκάζειν.
509 223 580 270 Ἐκ
619 222 664 269 δ’
703 223 937 281 ἐπιστήμης
965 222 1116 281 ἀρετὴ,
1163 221 1462 281 ἀνδραγαθία,

178 294 498 349 καλοκαγαθία,
545 291 750 349 δεξιότης,
798 293 952 348 σοφία,
992 293 1254 348 φιλοσοφία,
1295 294 1468 347 φιλολο-

180 360 274 416 γία,
304 358 532 416 φρόνησις,
561 358 754 412 σύνεσις,
780 361 908 410 νοῦς,
936 356 1159 414 λογισμὸς,
1189 355 1467 414 σωφροσύνη,

182 427 408 481 καρτερία,
456 424 698 483 ἐγκράτεια,
745 423 943 480 ἀνδρεία,
993 422 1203 481 εὐθυμία,
1237 422 1468 479 εὐρωστία,

185 493 462 550 δικαιοσύνη,
496 494 819 550 δικαιοπραγία,
847 489 1065 548 εὐσέβεια,
1093 489 1286 549 ὁσιότης,
1314 489 1497 546 εὐγνω-5

189 559 378 618 μοσύνη,
430 560 651 613 ἐπιείκεια,
685 560 997 618 μεγαλοψυχία,
1034 556 1471 615 μεγαλογνωμοσύνῃ,

128 628 175 670 11
190 629 518 684 φιλανθρωπία,
545 626 896 684 μεγαλοπρέπεια.
925 625 1047 669 *Καὶ
1077 623 1131 668 τὰ
1158 622 1368 681 ὀνόματα,
1392 627 1473 667 ’κα-

188 693 454 751 λοκάγαθος,
483 694 645 751 σοφός,
673 694 934 751 φιλόσοφος,
972 691 1215 749 φιλολόγος,
1248 689 1474 747 φρόνιμος,

191 761 380 814 συνετός,
397 761 563 813 εὔνους.
580 761 604 807 ὁ
619 761 702 819 γὰρ
717 761 905 819 νοήμων,
923 758 1158 816 ποιητικόν.
1181 757 1329 811 δεξιὸς,
1350 754 1476 812 εύμα-

189 828 284 886 θὴς,
293 828 552 887 ταχυμαθὴς,
562 829 830 886 πολυμαθὴς,
843 827 1152 884 λελογισμένος,
1165 824 1366 882 σώφρων,
1376 839 1477 878 καρ-
1487 827 1531 862 10

189 896 334 952 τερός,
363 895 636 953 καρτερικός,
664 895 892 954 ἐγκρατὴς,
924 894 1136 949 ἀνδρεῖος,
1165 891 1382 949 εὔθυμος,
1411 889 1478 935 εὔ-

193 974 378 1019 ρωστος,
408 966 595 1017 δίκαιος,
624 962 820 1022 εὐσεβὴς,
851 963 990 1014 ὅσιος,
1019 960 1355 1018 φιλάνθρωπος,
1373 957 1480 1010 ,ἐπι-

192 1029 328 1088 εικὴς,
374 1031 691 1090 μεγαλόψυχος,
739 1029 1102 1088 μεγαλογνώμων,
1148 1023 1483 1084 μεγαλοπρεπής.

194 1099 281 1142 Καὶ
308 1098 359 1142 τοὶ
387 1098 679 1155 ἐπιρρήματα,
726 1102 897 1155 σοφῶς,
935 1094 1200 1154 φιλολόγως,
1237 1093 1479 1150 φρονίμως,

197 1169 408 1219 συνετῶς,
434 1165 592 1220 εὔνως,
618 1165 943 1222 λελογισμένως,
972 1162 1217 1220 ἐμφρόνως,
1250 1162 1482 1216 καρτερῶς,
1494 1164 1537 1200 15

139 1232 478 1289 12καρτερικῶς,
526 1234 751 1290 ἐγκρατῶς.
786 1232 1058 1287 *ἀνδρείωῂ
1097 1227 1318 1285 εὐθύμως,
1355 1225 1484 1281 εὐρῶ-

199 1312 326 1353 στως,
356 1302 556 1354 δικαίως,
595 1299 742 1353 ὁσίως,
771 1297 980 1356 εὐσεβῶς,
1018 1293 1364 1354 φιλανθρώπως,
1400 1293 1486 1338 ἐπι-

199 1373 342 1422 εικῶς,
388 1366 716 1425 μεγαλοψύχως,
772 1362 1183 1425 μεγαλογνωμόνως,
1229 1365 1487 1418 μεγαλοπρε-

199 1439 303 1487 πῶς.
354 1434 546 1492 Ῥήματα
574 1435 621 1480 δε
646 1434 782 1492 μόνα,
813 1436 1093 1490 φιλοσοφεῖν,
1122 1432 1323 1486 φρονεῖν,
1353 1427 1490 1472 συνιέ-

201 1519 296 1556 ναι,
322 1507 462 1556 νοεῖν,
490 1504 751 1558 λογίζεσθαι,
782 1504 1041 1557 σωφρονεῖν,
1068 1501 1310 1553 καρτερεῖν,
1348 1491 1487 1550 ἀνδρί·
1497 1504 1543 1540 20

203 1575 370 1624 ζεσθαι,
399 1572 734 1625 δικαιοπραγεῖν,
764 1565 972 1624 εὐσεβεῖν,
1003 1563 1313 1622 εὐγνωμονεῖν,
1342 1565 1491 1620 φιλαν-

203 1635 528 1692 θρωπεύεσθαι
585 1635 649 1679 Τὰ
682 1635 727 1680 δὲ
755 1635 948 1690 ἐναντία,
975 1633 1127 1684 κακία,
1162 1630 1375 1687 πονηρία,
1416 1645 1491 1685 μο-

204 1707 383 1762 χθηρία,
414 1701 642 1761 φαυλότης
674 1700 921 1759 φλαυρότης
947 1700 1020 1753 δὲ,
1052 1696 1251 1754 σκληρόν.
1279 1693 1489 1752 σκαιότης,

149 1779 198 1818 13
209 1771 487 1824 απαιδευσια
517 1771 781 1826 πανουργία,
810 1765 1001 1822 ἀμαθία,
1041 1765 1286 1822 μισολογία,
1315 1761 1490 1816 *ανοια,

207 1838 455 1895 ἀφροσύνη,
486 1835 712 1891 ἀσυνεσία,
754 1831 974 1888 ἀξυνεσία,
1012 1829 1246 1885 ἀκολασία,
1284 1828 1492 1885 ἀκρασία,
1502 1838 1546 1874 25

208 1903 424 1961 ἀσέλγεια,
466 1903 719 1959 ἀνανδρεία,
756 1899 1004 1957 θρασύτης,
1053 1900 1210 1950 δειλία,
1253 1895 1494 1952 ἀρῤωστία,

209 1971 379 2026 ἀδικία,
429 1968 735 2026 ἀδικοπραγία,
776 1965 1017 2023 ἀνοσιότης,
1056 1962 1365 2022 ἀγνωμοσύνη,
1403 1960 1496 2008 ἀνε-

209 2041 407 2093 πιείκεια,
444 2038 719 2095 μικροψυχία.
771 2054 799 2093 η
836 2051 920 2091 γαρ
950 2030 1357 2091 μικρογνωμοσύνη,
1399 2033 1497 2075 δυσ-

215 2106 331 2164 χερὲς
365 2105 474 2162 πρὸς
508 2103 587 2162 τήν
628 2101 775 2159 ἀκοήν.
818 2101 1011 2158 ἀσέβεια,
1059 2100 1304 2156 δυσσέβεια,
1351 2109 1498 2155 μισαν·

212 2174 407 2229 θρωπία,
439 2171 751 2227 ἀπανθρωπία,
792 2167 1144 2225 μικροφροσύνη,
1176 2164 1553 2223 μικροπρέπεια.30

214 2241 300 2285 Καὶ
326 2239 378 2283 τοὶ
409 2237 619 2295 ὀνόματα,
647 2236 800 2290 κακὸς,
838 2236 1050 2293 πονηρὸς,
1080 2232 1321 2292 μοχθηρὸς,
1349 2231 1500 2289 ἡμιμό-

212 2314 396 2365 χθηρος,
433 2310 624 2363 φαῦλος,
662 2307 877 2361 φλαῦρος,
924 2301 1094 2354 σκαιός,
1139 2299 1416 2352 ἀπαίδευτος,
1454 2297 1500 2344 ἀ-

160 2384 373 2433 14σοφος,
403 2375 440 2418 εί
466 2373 538 2418 καὶ
566 2371 623 2429 μὴ
653 2373 764 2416 ἔστιν
789 2370 817 2427 ἡ
847 2369 1019 2426 ἀσοφία.
1061 2371 1356 2423 ὶ“πανοῦργος,
1387 2365 1498 2423 ἀμα-

217 2443 321 2500 θης,
351 2439 600 2498 μισολόγος,
639 2439 792 2491 α’νους,
831 2437 1031 2494 ἀνόητος,
1070 2434 1318 2492 ἀλόγιστος,
1353 2434 1390 2477 εἰ
1427 2434 1502 2477 καὶ

219 2511 297 2567 τὴν
325 2507 569 2591 ἀλογιστίαν
598 2505 652 2551 ού
681 2505 915 2563 προσιτέον.
946 2504 1120 2559 ἄφρων,
1150 2500 1376 2554 ἀσύνετος,
1407 2498 1501 2552 ἀξύ·
1509 2510 1556 2546 35

222 2595 362 2632 νετος,
391 2573 604 2632 ἀκρατὴς,
636 2572 830 2631 ἀσελγὴς,
857 2570 1109 2622 ἀκόλαστος,
1139 2569 1369 2625 ανανδρος,
1395 2572 1503 2624 θρα-
