1664 2950
297 157 351 200 54
577 154 815 196 TIBERII
851 153 1296 196 HEMSTERHUIS

301 264 395 308 eius
422 258 627 307 effudisse
655 273 808 322 caput,
851 280 964 323 quae
1001 266 1181 326 posteris
1209 267 1451 326 conscripta
1478 266 1592 311 reli-²

302 321 398 378 quit
434 320 481 362 in
517 321 772 378 Lexiphane
809 329 852 363 et
887 323 1112 365 rhetorum
1152 331 1454 382 praeceptore:
1514 339 1592 380 ego

301 391 374 421 me
398 391 494 419 rem
521 391 611 418 non
639 378 784 421 levem
812 378 1130 434 praestiturum
1158 379 1373 430 arbitror,
1412 379 1449 422 si
1475 379 1592 422 hanc

303 441 473 476 temere
499 441 861 491 praeconceptam
890 434 1139 491 opinionem
1169 450 1225 478 ex
1251 435 1482 478 hominum
1504 435 1594 478 ani·

305 488 389 531 mis
416 489 596 530 evellam
607 505 623 541 ς
674 491 913 544 eademque
953 505 1025 532 me
1061 505 1192 546 opera
1219 490 1400 546 gratiam
1432 506 1458 534 a
1485 491 1593 534 Pol—

303 546 401 588 luce
429 558 633 600 magnam
660 544 872 588 initurum
902 560 1056 602 spero,
1085 547 1124 588 si
1150 545 1450 590 foedissimam
1477 547 1591 590 hanc

305 599 387 657 ipsi
412 599 556 642 labem
584 600 838 657 abstergam.
882 601 1081 644 Primum
1108 601 1284 656 quidem
1301 609 1592 659 utrorumque

307 663 496 699 aetatem
533 670 776 712 congruere
812 664 887 698 aut
921 672 1080 714 parum
1118 657 1270 699 saltem
1298 658 1458 700 distare
1485 673 1594 701 con-

309 711 461 754 cedam
487 726 657 755 necesse
687 721 774 755 est:
812 712 945 756 variis
975 713 1089 755 enim
1120 727 1145 754 e
1171 713 1354 756 Luciani
1380 713 1483 756 locis
1510 729 1594 771 pa-

307 775 392 819 tet,
439 781 541 809 eum
581 768 785 811 floruisse
827 768 906 809 sub
947 769 1271 813 Antoninorum
1318 769 1503 826 imperio
1550 777 1594 812 et

310 823 566 866 Commodi:
593 824 674 866 hac
701 839 806 866 sane
835 825 887 867 de
915 840 965 867 re
992 840 1121 866 nemo
1143 824 1333 868 Luciano
1361 825 1591 882 paululum

309 879 566 923 familiarior
610 880 856 923 addubitet:
918 881 1126 936 legendus
1174 881 1290 922 enim
1334 882 1452 923 solus
1502 881 1595 923 eius

310 936 642 980 Pseudomantis
684 951 761 978 seu
802 937 1072 988 Alexander,
1111 937 1184 992 qui
1220 951 1419 990 omnem,
1457 935 1595 978 sicui

312 991 407 1048 quis
443 999 529 1041 est,
568 993 824 1049 scrupulum
859 992 1027 1034 demat:
1068 993 1115 1034 in
1143 1007 1193 1035 eo
1221 992 1397 1049 quidem
1426 991 1595 1049 dialogo

311 1047 418 1094 θεὸν
454 1055 582 1090 vocat
616 1049 818 1091 Marcum
856 1048 1192 1103 Philosophum,
1249 1063 1304 1091 ex
1344 1062 1432 1105 quo
1476 1057 1595 1090 recte

312 1103 489 1159 collegit
525 1105 698 1146 Vossius
736 1106 790 1146 de
827 1106 984 1147 Histor.
1025 1105 1101 1148 Gr.
1140 1105 1190 1148 lI.
1228 1119 1263 1146 c.
1292 1108 1356 1150 15.
1397 1118 1500 1146 eum
1541 1103 1595 1145 de

312 1161 396 1203 hoc
424 1161 690 1216 Imperatore
722 1161 810 1203 iam
841 1160 1044 1202 defuncto
1075 1167 1118 1201 et
1143 1160 1190 1202 in
1215 1161 1330 1203 Deos
1358 1161 1493 1203 relato
1523 1160 1596 1202 lo-

313 1215 415 1272 qui:
461 1216 547 1258 huc
595 1216 758 1259 accedit
797 1217 907 1271 quod
950 1216 1175 1258 oraculum
1214 1215 1319 1258 illud
1361 1215 1597 1258 Alexandri

312 1271 507 1314 mendax
545 1273 753 1315 Antonini
787 1273 850 1316 Pii
890 1279 933 1314 et
959 1273 1098 1314 Marci
1126 1279 1269 1314 aetate
1294 1271 1348 1313 sit
1375 1279 1598 1324 exortum,

311 1327 579 1382 fallendique
605 1327 761 1371 fecerit
786 1328 983 1370 initium.-
1014 1343 1066 1370 ea
1093 1343 1197 1370 vero
1226 1327 1278 1369 de
1304 1342 1354 1370 re
1379 1327 1598 1370 Lucianus

313 1391 519 1438 tanquam
560 1384 644 1427 sibi
681 1393 903 1442 comperta
940 1391 983 1425 et
1019 1385 1267 1441 explorata,
1313 1397 1514 1439 quaeque
1553 1397 1600 1424 se

316 1439 546 1494 contigerit
585 1440 761 1482 vivente
799 1448 841 1483 et
875 1439 1055 1482 vidente
1089 1438 1262 1488 scribit,
1319 1439 1436 1495 quod
1482 1446 1600 1480 recte

315 1494 538 1538 Marcilius
575 1510 677 1537 cum
713 1497 816 1539 alibi
854 1503 950 1538 tum
989 1496 1044 1538 ad
1072 1494 1361 1551 Philopatrim
1389 1494 1600 1537 observa-

316 1551 408 1592 vit:
457 1549 510 1592 de
546 1551 628 1594 hoc
662 1560 810 1595 autem
838 1552 1013 1596 oraculo
1041 1551 1273 1606 legendum
1302 1550 1464 1593 suadeo
1491 1564 1602 1608 pro-

318 1606 463 1662 digiali
492 1607 688 1649 doctrina
715 1609 863 1650 virum
890 1607 1049 1650 Ezech.
1081 1605 1396 1664 spanhemium
1425 1605 1481 1648 de
1507 1606 1602 1648 Usu

319 1669 362 1703 et
388 1663 546 1703 Praest·
571 1663 783 1706 Numism.
824 1678 868 1719 p.
901 1668 994 1707 176.
1050 1665 1305 1714 Demonax,
1341 1661 1466 1704 cuius
1500 1661 1603 1704 lau-

319 1717 425 1758 dum
461 1717 682 1760 liberalem
711 1720 795 1775 egit
822 1717 1146 1760 buccinatorem
1173 1716 1409 1770 Lucianus,
1446 1716 1601 1759 iisdem

316 1772 431 1814 vixit
457 1774 751 1831 temporibus:
788 1773 904 1815 inter
934 1773 1018 1815 alia
1047 1787 1154 1815 vero
1183 1772 1385 1814 meminit
1411 1772 1600 1815 Herodis

317 1827 556 1882 sophistae,
609 1844 740 1884 quem
786 1827 925 1871 Marci
968 1827 1219 1885 Philosophi
1274 1834 1600 1886 praeceptorem

315 1883 451 1926 fuisse
479 1884 748 1942 Capitolinus
772 1883 924 1927 tradit:
959 1884 1031 1925 sed
1063 1898 1222 1940 operae
1247 1882 1384 1926 fuerit
1406 1883 1602 1940 pretium

318 1939 514 1982 animum
544 1941 767 1982 attendere
795 1941 848 1982 ad
876 1939 1004 1982 illum
1032 1938 1299 1991 Sostratum,
1329 1954 1457 1995 quem
1486 1939 1604 1982 Her-

320 1995 462 2036 culem
493 1995 653 2038 Graeci
679 1995 988 2047 nominabant,
1038 1994 1158 2037 cuius
1186 1995 1234 2037 in
1261 1995 1405 2053 primo
1431 1996 1602 2037 Demo-

316 2058 443 2092 nacte
477 2050 611 2094 vitam
651 2066 698 2093 se
737 2050 1036 2107 conscripsisse
1070 2049 1231 2093 refert:
1277 2051 1349 2093 hic
1385 2050 1603 2094 Sostratus

318 2119 420 2147 cum
449 2106 620 2148 Herode
648 2108 735 2148 iam
763 2107 935 2148 seniore
962 2107 1233 2161 colloquutus
1261 2114 1349 2159 est3
1377 2113 1427 2149 ut
1453 2112 1604 2148 narrat

315 2161 364 2204 in
393 2162 484 2203 eius
510 2162 735 2219 sophistae
754 2163 842 2205 vita
862 2162 1170 2204 Philostratus:
1198 2162 1440 2220 putandum
1460 2161 1600 2213 enim,
1662 2159 1664 2172 '

315 2215 553 2260 Herculem
593 2219 742 2269 illum,
791 2218 910 2260 cuius
958 2232 984 2259 a
1030 2217 1290 2260 Philostrato
1331 2217 1383 2260 fit
1420 2217 1602 2268 mentio,

316 2273 478 2329 quique
511 2288 558 2315 so
591 2273 832 2331 Agathiona
869 2273 1143 2316 denominari
1177 2289 1204 2316 a
1229 2272 1401 2318 Boeotis
1429 2273 1602 2316 dictita-

316 2327 411 2381 bat,
448 2343 539 2371 non
567 2329 700 2370 alium
731 2344 819 2370 esse
847 2337 922 2372 aut
947 2329 1168 2371 diversum
1198 2329 1252 2372 ab
1279 2329 1362 2372 hoc
1390 2328 1602 2382 Sostrate,

319 2383 444 2425 cuius
481 2400 528 2426 se
561 2384 816 2429 memoriam
857 2392 900 2426 et
936 2399 1005 2426 res
1041 2392 1179 2440 gestas
1207 2384 1340 2428 literis
1366 2383 1603 2426 illustrasse

316 2439 539 2483 Lucianus
566 2443 766 2482 testatur:
805 2455 874 2482 res
900 2439 963 2482 illi
990 2440 1135 2482 lucide
1161 2439 1367 2494 liquebit,
1406 2438 1481 2495 qui
1507 2439 1605 2490 Lu-

320 2494 433 2540 ciani
460 2495 720 2541 Sostratum
774 2510 876 2537 cum
922 2495 1168 2552 Agathione
1206 2495 1331 2553 Tyrii
1377 2494 1602 2552 scriptoris

319 2565 583 2612 componere
610 2566 700 2593 non
727 2550 862 2592 fuerit
888 2558 1111 2607 gravatus:
1148 2551 1283 2608 igitur
1315 2549 1379 2594 illi
1414 2565 1507 2593 non
1533 2550 1606 2592 vi-

321 2609 402 2652 deo
440 2622 527 2670 quo
569 2614 696 2665 pacto
725 2606 779 2650 ab
811 2621 960 2651 errore
994 2607 1113 2666 turpi
1141 2622 1188 2650 se
1214 2607 1402 2652 liberare
1428 2614 1605 2664 queant,
