1664 2950
551 135 999 178 rasa-rano.
1372 142 1428 186 ω

143 255 203 304 ab
218 248 479 296 obscuritate
495 260 810 303 cascarumque
829 260 992 290 vocum
1007 246 1229 303 squalore,
1240 253 1291 288 ut
1309 249 1428 302 apud

143 308 340 354 animum
356 320 503 352 meum
523 318 803 360 summopere
821 302 972 353 mirer,
998 301 1071 358 qui
1092 303 1317 360 potuerint
1336 303 1429 346 Pol·

143 366 292 414 lucem
310 377 412 405 cum
431 359 690 416 Lexiphane
705 359 787 400 viri
807 357 1044 413 doctissimi
1060 373 1320 415 coaequare:
1355 374 1432 401 ne-

146 435 236 480 que
251 419 362 462 adeo
385 430 634 474 quenquam
659 422 930 457 commoveat
956 429 1107 456 earum
1128 415 1300 465 multas,
1327 430 1432 470 quas

149 475 318 532 collegit
336 472 567 523 Lucianus‚
585 470 847 527 antiquiores
864 484 994 512 voces
1012 471 1056 512 in
1074 470 1259 513 Pollucis
1271 470 1433 513 itidem

149 529 430 582 onomastico
459 527 664 584 reperiria
693 541 795 568 cum
815 525 863 567 in
891 540 986 568 eam
1006 525 1255 582 saepissime
1281 541 1434 569 curam

146 585 396 638 incubuerit
406 585 631 634 Pollux,ut
647 581 864 624 veteriora
879 582 1091 636 quaedam
1107 597 1185 623 nec
1203 589 1348 625 tamen
1361 583 1436 626 iu-

152 641 363 700 elegantia
374 655 430 683 ex
450 637 637 695 antiquis
646 636 930 694 scriptoribus
943 644 988 679 et
1000 636 1174 680 comicis
1183 638 1412 682 adnotaret
1421 654 1437 680 ε

149 699 223 749 κά
244 696 350 756 quid
369 711 447 752 ego
462 695 509 739 in
528 710 577 738 re
595 694 711 737 clara
732 707 906 743 moror,
935 692 983 734 in
1002 708 1088 749 qua
1110 708 1282 747 vereor,
1302 702 1351 736 ut
1370 709 1439 736 ar-

151 761 359 814 gumenta
376 748 638 795 recensendo
657 750 838 791 lectores
859 747 1321 805 fatigem.Lexiphanis
1341 751 1443 803 tela,

154 826 268 868 quae
283 808 337 852 ad
359 821 547 866 pravum
569 804 858 848 adhibuerant
875 819 999 847 usum
1020 804 1103 847 viri
1124 805 1255 854 docti,
1271 805 1438 863 depuli·

154 882 253 914 mus
265 865 320 909 ab
333 871 510 909 auctore
529 868 701 904 nostro:
722 859 907 903 succedit
926 861 1148 904 rhetorum
1170 871 1443 919 praeceptor,

154 923 203 969 in
222 937 310 977 quo
326 918 570 966 amovendo
593 917 734 959 maior
753 916 835 959 erit
857 923 900 958 et
919 916 1172 975 'scruposior
1200 915 1444 970 difficultas,

157 993 261 1026 cum
277 982 474 1019 veterum
492 975 745 1018 auctoritate
763 986 1039 1030 premamur:
1059 973 1121 1015 sic
1142 981 1289 1015 tamen
1302 973 1345 1015 in
1360 974 1442 1015 hoc

158 1030 470 1091 disputabitur,
505 1037 557 1072 ut
584 1029 886 1083 cuiuscunque
914 1028 1095 1071 liberam
1122 1029 1340 1071 iudicandi
1379 1028 1442 1072 sa·

159 1091 363 1136 cultatem
392 1085 515 1128 nobis
543 1099 599 1142 op
635 1085 876 1142 ignoratam
898 1085 1099 1128 nolimus.
1153 1085 1332 1128 Disertis
1352 1086 1443 1128 ita-

159 1159 246 1203 que
278 1142 421 1187 verbis
457 1142 505 1185 in
545 1141 606 1184 Po
625 1140 734 1184 lucis
769 1139 1054 1194 ignominiam
1084 1141 1203 1183 hunc
1240 1141 1444 1184 libellum

161 1215 253 1247 esse
294 1198 558 1258 productum
599 1196 849 1239 scholiastes
897 1211 987 1238 non
1022 1196 1211 1239 nimium
1247 1205 1446 1239 vetusius

162 1256 377 1301 affirmat:
404 1269 498 1296 rem
529 1267 587 1294 ex
612 1253 745 1311 ipsius
769 1252 910 1295 verbis
939 1265 1268 1305 cognoscamus:
1305 1252 1447 1297 Φασὶν

163 1311 221 1364 ὡς
257 1312 318 1363 εἰς
355 1306 609 1364 Πολυδεύκη
647 1307 726 1353 τὸν
765 1306 1081 1378 ὄνοματολόγον
1108 1306 1447 1364 α’ποτεινόμενον

163 1365 410 1413 Λουκιανὸν
435 1368 591 1409 τοῦτον
620 1363 785 1420 γράψαι
810 1379 888 1409 τον
915 1363 1057 1420 λόγον·
1084 1363 1236 1421 τέχνην
1255 1365 1333 1421 μὲν
1352 1362 1446 1409 οὐδ’

163 1422 220 1481 ἥν
238 1438 332 1468 τινα
345 1420 476 1478 λόγον
498 1421 811 1476 παραδίδοντα,
840 1419 982 1475 σωρὸν
1009 1419 1055 1464 δὲ
1080 1420 1233 1472 λέξεων
1257 1420 1448 1476 ἀδιάκρι-

165 1494 243 1523 τον
265 1476 528 1534 ὖφίσταντα,
558 1475 630 1519 καὶ
657 1476 760 1526 ἴσως
789 1473 871 1519 ούκ
904 1474 989 1519 ἀπὸ
1019 1480 1186 1520 σκοποῦ
1206 1481 1340 1520 ταῦτα
1358 1481 1451 1527 τοῖς

169 1533 357 1591 φήσασιν
381 1533 553 1588 εἴρηται·
583 1530 672 1575 ἐπεὶ
703 1530 777 1575 καὶ
804 1529 1030 1586 συγχρόνω
1061 1529 1190 1587 ἄμφω
1209 1531 1452 1583 Λουκιανός

169 1589 244 1636 καὶ
267 1587 559 1642 Πολυδεύκης·
596 1585 663 1631 ἐπὶ
689 1585 773 1643 γαρ
803 1586 993 1641 Μάρκου
1015 1591 1096 1630 τοῦ
1118 1585 1449 1644 αὐτοκράτορος

170 1645 282 1688 vitia
317 1643 472 1700 quibus
506 1657 737 1700 oppressus
771 1650 835 1684 est
867 1644 1015 1693 locus,
1046 1658 1219 1686 cursum
1251 1655 1450 1686 nostrum

170 1700 441 1758 impediunt,
475 1706 519 1741 et
558 1705 661 1740 sunt·
697 1697 838 1740 obiter
873 1700 1164 1741 removenda:
1200 1699 1340 1742 scribe
1365 1699 1516 1755 pri-31

171 1771 295 1803 mum
322 1752 471 1812 τέχνην
497 1752 574 1810 μὲν
601 1751 695 1798 οὐδ’
722 1751 779 1809 ἦν
804 1767 900 1797 τινα
926 1751 956 1810 ἢ
983 1753 1123 1810 λόγον.
1153 1754 1310 1797 deinde
1337 1757 1452 1800 συνί-

173 1824 341 1864 ᾶπαντα,
370 1810 679 1853 corradentem
706 1818 758 1852 ut
783 1824 1073 1879 reponamus,
1100 1811 1259 1853 Graeci
1285 1827 1456 1854 sermo-

177 1868 247 1912 nis
280 1867 502 1925 ingenium
549 1865 767 1924 postulat:
817 1864 1067 1921 αδιάκριτον
1105 1881 1162 1908 an
1196 1864 1457 1923 α’διακρίτων

173 1924 310 1981 legas,
337 1937 492 1980 parum
519 1921 724 1966 interest=
751 1921 836 1963 hoc
863 1930 1013 1964 tamen
1029 1922 1205 1965 malim:
1235 1926 1308 1966 sed
1336 1925 1458 1966 mul-

175 1987 223 2023 to
260 1979 390 2022 etiam
428 1977 633 2021 audacius
672 1977 916 2033 maiorique
957 1993 1058 2020 cum
1094 1978 1253 2022 fiducia
1290 1980 1460 2022 verita-

177 2043 269 2079 tem
295 2033 427 2078 huius
455 2032 669 2090 opinionis
695 2033 770 2075 ille
799 2041 945 2075 noster
972 2033 1167 2076 venditat
1194 2034 1246 2076 ad
1278 2036 1384 2077 haec
1411 2036 1459 2078 in

178 2098 377 2135 extrema
403 2089 559 2146 dialogi
584 2097 708 2147 parte
732 2089 892 2132 verba:
919 2093 1090 2144 πρῶτον
1117 2089 1195 2147 μὲν
1213 2088 1294 2134 οὐκ
1309 2090 1369 2135 ἔτι
1385 2106 1460 2135 πο-

178 2144 327 2197 θεινὸς
349 2144 627 2202 ὀνομάζομαι,
658 2142 745 2189 ἀλλ’
776 2143 858 2200 ἥδη
877 2149 966 2196 τοῖς
986 2143 1091 2195 Διὸς
1109 2146 1180 2188 καὶ
1200 2145 1354 2202 Λήδας
1369 2163 1462 2190 παυ-

179 2202 251 2250 ,σὶν
266 2201 494 2258 ὗμώνυμος
514 2201 749 2257 γεγένημαι·
781 2201 955 2243 attende
972 2201 1051 2243 sis:
1078 2199 1304 2244 Ἐντεῦθεν
1334 2201 1462 2246 ἀναν·

247 2258 278 2313 4‘
331 2273 397 2310 ον,
425 2257 583 2310 inquit,
611 2254 706 2312 ἤδη,
735 2254 793 2307 ὥς
816 2256 1100 2311 Πολυδεύκην
1127 2256 1464 2312 διασύρεινὸ-πα-

214 2329 276 2357 ων
303 2312 458 2369 λόγος,
478 2314 560 2369 εὖγε
577 2312 803 2367 Κάστορος
828 2310 1014 2367 ἀδελφὸς
1041 2312 1317 2384 Πολυδεύκης
1337 2313 1360 2358 ὁ
1382 2313 1466 2370 Λή·

215 2385 287 2420 ας,
314 2363 354 2425 ᾧ
380 2364 508 2420 οὗτος
540 2367 765 2425 ὁμώνυμος
792 2365 815 2412 ὁ
845 2366 1155 2424 διασυρόμενος
1182 2369 1374 2425 ρητορων
1405 2372 1466 2414 δι·

156 2447 159 2449 -
178 2423 409 2476 δάσκαλος.
457 2426 514 2469 Et
533 2425 811 2480 obloquimur
835 2424 965 2466 etiam
988 2432 1111 2466 tanto
1128 2429 1364 2482 sponsore?
1389 2427 1464 2469 sed

187 2480 309 2525 bona
337 2480 494 2532 verba,
532 2494 719 2534 quaeso;
765 2494 908 2532 neque
945 2480 1107 2522 iudicet
1132 2480 1252 2536 quis,
1293 2481 1378 2525 nisi
1416 2496 1467 2523 re

188 2537 312 2600 prius
338 2536 562 2592 diligenter
593 2537 785 2592 cognita:
813 2535 1035 2579 Mamilius
1065 2536 1130 2578 vir-
1160 2535 1357 2593 profecto
1378 2552 1469 2580 non

188 2592 385 2647 indoctus
418 2592 518 2634 huic
554 2591 790 2634 sententiae
822 2591 1078 2635 subscribit:
1111 2590 1319 2651 Scriptus
1349 2592 1470 2635 vide*
