1664 2950
551 125 952 181 vultarum..
997 142 1001 145 ·
1069 145 1074 148 ·
1363 133 1416 175 65

122 248 260 291 locus.
317 244 514 289 Indolem
536 243 918 289 Onomasticorum
943 247 987 286 et
1008 254 1139 286 usum
1164 240 1249 286 rite
1268 238 1419 285 defor-

124 303 259 355 mavi,
290 302 464 357 suisque
484 301 665 359 depinxi
690 300 930 343 coloribus:
960 314 1095 358 porro
1112 298 1237 343 nobis
1254 299 1421 343 viden-

123 361 232 407 dum
253 365 329 406 est,
360 373 469 400 uum
492 366 535 400 et
549 357 603 402 ab
623 357 880 412 antiquitate
901 356 1010 399 haec
1027 354 1247 398 scribendi
1273 363 1419 398 mate-

123 416 190 459 ria
211 414 564 465 commendetur,
596 421 639 455 et
669 411 1026 469 praecellentium
1047 420 1280 455 auctorum
1298 412 1417 454 cele·-

123 471 289 514 britate
315 469 373 512 sit
397 469 648 513 nobilitata:
679 470 747 512 hic
774 468 977 523 equidem
1006 482 1098 510 non
1117 482 1274 511 vereor
1289 465 1416 510 affir-

124 541 248 570 mare
273 539 375 568 cum
404 526 545 584 ipsam
570 540 666 568 rem
687 533 784 567 tum
803 523 935 567 etiam
954 538 1118 566 nomen
1143 524 1271 578 longe
1287 530 1416 565 vetu-

123 583 230 627 stius
250 595 344 624 esse
366 581 517 624 lexicis
547 589 624 623 aut
652 581 823 636 glossis,
852 593 1043 634 quorum
1064 578 1186 636 origo
1207 587 1249 622 et
1268 578 1415 636 prima.

123 637 248 681 initia
274 653 301 680 a
327 636 434 681 viris
455 637 638 679 eruditis
663 651 754 679 non
780 634 1056 690 ignorantur:
1085 650 1143 678 ne
1159 634 1283 678 dictis
1305 633 1414 676 fides

122 694 262 744 desit,
290 692 447 735 ordine
471 691 704 737 recensebo
730 692 928 734 laudatos
957 689 1004 733 in
1030 697 1230 733 veterum
1247 705 1413 733 monu-

121 751 281 794 mentis
322 748 703 792 Onomasticorum
734 747 981 803 scriptores.
1045 746 1221 789 Primus
1249 754 1413 799 autem,

122 821 256 863 quem
286 805 563 848 Onomastica
587 802 888 859 conscripsisse
914 802 1178 860 accepimus,
1206 802 1412 859 Orpheus

123 870 200 913 est,
217 861 291 904 sed
310 860 507 904 oratione
535 859 726 902 numeris
754 858 1001 902 carminum
1028 857 1259 902 adstricta=
1289 856 1413 900 testis

122 917 253 960 huius
273 916 337 959 rei
353 916 508 960 Suidas
522 915 571 959 iu
592 911 801 970 Ὀρφεύς,
830 929 916 969 quo
935 914 1032 957 loco
1051 914 1167 958 iuter
1194 913 1300 957 alios
1321 915 1413 956 Or-

121 973 229 1031 phei
255 971 387 1016 libros
411 980 640 1015 enumerat
665 968 957 1027 Ὀνομαστικά
990 970 1069 1027 ἔπη
1097 980 1162 1014 aa.
1180 985 1207 1012 a
1230 969 1413 1027 quibus-

122 1030 225 1072 dam
262 1042 369 1070 vero
406 1028 618 1071 Brontino
645 1034 902 1085 pervetusto
940 1026 1143 1084 scriptori
1168 1025 1242 1068 hic
1270 1024 1413 1068 foetus

121 1083 466 1128 adscribebatur:
514 1098 616 1128 nam
650 1097 806 1125 eorum
842 1083 1056 1140 plurima,
1103 1096 1217 1139 quae
1242 1081 1412 1139 Orphei

155 1139 430 1183 raeferebant
458 1154 648 1191 nomeu,
687 1139 863 1182 titulum
891 1138 1066 1181 mentiri
1092 1136 1411 1181 credebantur:

119 1155 288 1240 factum
310 1196 425 1238 enim
456 1193 722 1251 frequenter,
752 1202 803 1237 ut
824 1193 1004 1238 illustris
1022 1192 1202 1237 alicuius
1221 1194 1305 1237 viri
1327 1209 1413 1236 no-

120 1252 243 1296 mine
267 1251 565 1302 abuterentur,
599 1250 655 1294 ab
682 1264 820 1306 eoque
845 1266 970 1294 suam
986 1250 1311 1293 emendicarent
1326 1265 1412 1293 au-

121 1309 378 1359 ctoritatem,
408 1321 495 1362 quo
513 1306 859 1350 commendatius
880 1313 991 1349 esset
1010 1321 1140 1363 opus,
1178 1305 1408 1370 magisque

120 1365 306 1408 lectores
339 1362 532 1406 alliceret
570 1363 662 1406 ficti
691 1361 884 1406 nominis
911 1361 1171 1419 splendore:
1217 1362 1409 1405 nimium

122 1426 274 1462 autem
301 1426 457 1473 arguta
477 1426 544 1461 est
564 1418 796 1461 doctissimi
816 1416 1131 1462 Eschenbachii
1158 1417 1410 1460 coniectura

122 1476 172 1519 in
191 1474 282 1517 eius
292 1475 486 1530 Epigene
498 1488 628 1530 opere
639 1473 887 1530 pei-erudito
901 1488 912 1513 ε
931 1473 1092 1516 seilicet
1109 1473 1328 1515 existimat
1341 1472 1408 1514 his

122 1529 317 1573 versibus
341 1529 567 1585 Orpheum
587 1529 808 1571 tradidisse
827 1530 1004 1573 nomina
1025 1529 1235 1571 deorum:
1267 1527 1409 1571 Athe-

121 1600 304 1641 nagoras
325 1585 442 1626 enim
463 1592 508 1626 et
526 1584 778 1626 Athanasius
794 1584 1007 1640 scriptum
1028 1584 1305 1639 reliquerunt
1331 1598 1408 1625 no·

120 1642 243 1684 mina
262 1641 444 1683 deorum
470 1640 636 1696 Orphei
667 1655 759 1682 esse
783 1640 1036 1691 inventum,
1075 1641 1198 1682 cuius
1224 1639 1408 1694 vestigia.

119 1698 338 1741 Homerus
354 1695 574 1751 ceterique
583 1695 682 1738 dein
697 1697 851 1752 poetae
865 1703 970 1738 sunt
985 1696 1182 1751 sequuti:
1200 1696 1408 1737 convenit

119 1760 264 1796 autem
280 1761 432 1795 exacte
453 1752 558 1794 haec
589 1751 804 1808 expositio
832 1766 1044 1808 perquam
1064 1749 1407 1807 ingeniosa‘cum

121 1807 502 1851 Onomasticorum
518 1808 622 1862 lege,
634 1821 766 1862 quam
780 1822 909 1864 supra
921 1806 1180 1864 descriptam
1193 1805 1407 1849 dedimus:

120 1864 172 1907 ad
191 1866 273 1906 hoc
294 1862 410 1905 forte
427 1864 678 1919 pertineant
692 1878 812 1919 opus,
824 1878 936 1919 quae
955 1863 1162 1919 leguntur
1180 1862 1294 1918 apud
1314 1863 1409 1904 Ma-

116 1919 314 1964 crobium
334 1919 411 1962 lib.
430 1921 463 1962 1.
491 1935 530 1962 c.
554 1925 614 1964 ι8.
643 1918 723 1961 nisi
745 1918 840 1974 quis
861 1919 915 1960 ad
940 1918 1107 1976 Orphei
1128 1917 1408 1974 theogeniam

118 1975 285 2020 referre
303 1975 522 2018 maluerit.
579 1976 695 2018 Haec
723 1974 893 2031 Orphei
915 1973 1193 2017 Onomastica
1214 1990 1261 2016 re
1294 1973 1410 2016 osuit:

117 2045 296 2097 quoque
322 2029 437 2073 inter
462 2030 568 2073 alios
600 2030 807 2087 principis
842 2030 1031 2084 theologi
1054 2029 1192 2072 libros
1219 1989 1410 2085 diligen-

119 2087 307 2130 tissimus
328 2085 548 2130 Fabricius
570 2085 775 2129 Biblioth.
796 2085 948 2129 Graec.
971 2086 1047 2129 lib.
1064 2086 1097 2128 Ι.
1117 2101 1154 2127 c.
1169 2090 1232 2130 19.
1261 2084 1409 2128 idem-

116 2157 204 2198 que
221 2157 268 2185 se
286 2158 376 2185 non
393 2142 642 2185 meminisse
655 2141 822 2194 scribit,
842 2141 946 2183 alibi
962 2148 1270 2198 praeterquam
1289 2140 1409 2197 apud

119 2198 300 2242 Suidam
326 2197 449 2240 istius
481 2197 628 2255 scripti
664 2196 931 2240 mentionem
958 2196 1170 2252 reperiri:
1210 2196 1409 2239 Eschen-

118 2253 299 2296 bachius
325 2260 472 2295 tamen
484 2263 624 2296 uuum
651 2254 925 2309 alterumque
944 2267 969 2294 e
985 2252 1177 2295 Diodoro
1199 2251 1345 2294 Siculo
1367 2259 1408 2293 et
1463 2283 1466 2285 >

117 2310 344 2352 Clemente
379 2309 592 2364 produxit
621 2310 790 2360 locum,
836 2323 949 2362 quae
985 2306 1211 2364 putaverit
1252 2322 1308 2350 ex
1336 2306 1407 2349 his

117 2365 407 2408 Onomasticis
445 2365 656 2408 desumta.
722 2365 790 2408 Ab
832 2363 1011 2420 Orpheo
1045 2363 1259 2405 secundas
1288 2367 1409 2405 tenet

117 2420 413 2472 Democritus,
439 2435 599 2462 nomen
626 2421 736 2462 inter
759 2420 956 2476 antiquos
981 2418 1218 2475 sapientiae
1240 2417 1410 2461 antisti-

116 2483 179 2522 tes
203 2477 274 2518 vel
310 2475 506 2519 maxime
541 2478 843 2531 conspicuum,
891 2474 966 2530 qui
1004 2473 1258 2516 eruditionis
1301 2487 1409 2516 suae

117 2530 283 2575 famam
323 2530 586 2574 omnimodis
616 2532 672 2574 ad
692 2539 890 2590 'posteros
926 2529 1096 2586 scriptis
1126 2526 1407 2586 propagavit:

117 2582 247 2630 huius
285 2587 461 2642 iugenio
505 2601 596 2635 non
627 2594 802 2632 tantum
843 2584 1082 2635 arcanioris
1107 2583 1410 2641 philosophiae

162 2664 286 2698 Pollux
313 2664 390 2698 Vol.
413 2667 444 2697 Ι·
1117 2665 1143 2691 e
