1670 3008
727 72 777 110 x.
834 72 906 124 90.
1387 72 1467 115 231

173 182 204 241 ἦ
247 183 489 241 μαχαιρίδι·
527 181 602 227 καὶ
635 179 663 238 ἡ
701 179 901 236 μαχαιρὶς
936 177 1018 234 μὲν
1043 176 1124 234 γάρ
1153 192 1213 228 ως
1238 175 1467 222 ἔπιτοπολυ

174 251 246 303 ἐπὶ
280 255 356 308 τῆς
389 251 618 306 κουρίδας·
658 245 758 292 ἀλλ’
787 245 898 291 ὅταν
925 242 1192 302 Φερεκράτης
1217 242 1266 288 ἐν
1283 246 1464 302 Κραπα-

174 317 343 398 viv-⁰502
369 322 447 376 φῦ»

254 382 470 440 μάχαιραν
497 381 568 440 ἄρ’
596 379 783 439 ἐνέθηκά
810 393 913 425 σου·
942 380 984 423 τί
999 376 1058 437 μ’
1094 351 1312 436 εἴργασαι,

140 458 162 494 5
256 448 492 507 άμάχαιρος
521 451 591 495 ἐπὶ
617 449 740 506 βόεια
766 444 961 503 νοστήσω
989 443 1108 501 κρέα,

237 514 364 574 ἀνήρ
390 516 551 573 γέρων,
581 514 826 566 άνόδοντος.

170 568 256 629 ἆπό
287 583 333 628 δὲ
359 588 436 640 τῆς
461 584 685 639 μαχαίρας,
712 582 786 626 καὶ
811 583 891 639 τῷ
899 578 1108 636 μαχαιρίῳ
1136 578 1211 622 καὶ
1240 582 1294 636 τῇ
1314 595 1463 636 μαχαι-

170 652 261 706 ρίδι
299 649 505 707 χρηστέον
518 664 528 675 ·
563 649 611 694 ἐν
657 648 703 694 δὲ
736 653 827 701 τοῖς
865 642 1185 703 Δημιοπράτοις
1222 643 1462 703 εὑρήκαμεν

168 719 372 775 μαχαίρια
425 715 676 774 ἐλεφάντινα
691 747 703 768 ,
737 716 812 760 καὶ
844 714 1049 771 μαχαίρια
1083 709 1294 767 κεράτινα.
1348 726 1367 747 *
1386 714 1526 764 καὶ9ο

23 801 36 808 ·
117 788 161 822 10
168 784 341 842 χέρνιβα
369 784 434 838 δὲ,
464 785 538 829 καὶ
560 783 752 840 λέβητες,
778 781 853 826 καὶ
883 777 1085 836 πρόχους,
1117 778 1192 822 καὶ
1216 782 1457 838 χερνίβιον·

170 849 381 908 ἀναγκαῖα
407 852 480 896 καὶ
506 854 639 895 ταῦτα
666 850 714 894 ἐκ
738 853 814 906 τῆς
838 844 945 904 παρ’
970 843 1140 903 Ὁμήρῳ
1167 845 1373 904 χρήσεως,

248 918 423 975 χέρνιβα
447 915 488 962 δ’
509 915 752 974 ἀμφίπολος
767 911 958 971 πρόχοόν
974 909 1017 956 τ’
1047 912 1095 956 ἐν
1113 914 1260 968 χερσὶν
1287 914 1457 971 ἔχουσα.

170 983 322 1042 ῥητέον
344 982 403 1029 δ’
443 982 548 1028 αὐτὸ
586 983 660 1027 καὶ
695 980 1019 1039 χειρόνιπτρον,
1047 977 1294 1032 Εὐπόλιδος
1321 980 1459 1026 εἰπόν·

167 1068 241 1103 τος
274 1051 458 1105 Κόλαξι,
500 1052 696 1107 φροῦδον
731 1047 780 1093 τό
808 1044 1129 1105 χειρόνιπτρον·
1158 1044 1224 1099 οἷς
1251 1048 1457 1094 ἐπακτέον

116 1127 157 1163 15
166 1118 240 1162 καὶ
268 1116 496 1174 σπόγγους,
525 1118 599 1162 καὶ
625 1117 837 1172 σπογγίας·
868 1116 935 1160 ἐπὶ
964 1116 1010 1161 δὲ
1036 1114 1206 1167 τούτοις
1232 1115 1305 1159 καὶ
1331 1119 1465 1178 κανᾶ,-

166 1184 240 1228 καὶ
279 1182 471 1240 κάνητα,
508 1184 583 1228 καὶ
615 1182 817 1239 κανήτια·
846 1184 920 1228 καὶ
949 1185 1151 1228 κανίσκια
1177 1182 1257 1240 μὲν
1284 1182 1459 1241 Κράτης

165 1249 213 1295 ἐν
230 1249 424 1306 ’Ήρωσιν
451 1249 580 1304 εἶπεν,

250 1315 274 1362 ὁ
303 1316 438 1374 κάνης
467 1317 514 1362 δὲ
540 1321 616 1374 τῆς
641 1317 787 1374 κοίτης
813 1315 1033 1374 ὑπερέχειν
1061 1333 1136 1373 μοι
1170 1319 1299 1361 δοκεῖ.

165 1382 500 1441 *Ἀριστοφάνης
538 1380 582 1427 δ’
614 1382 662 1426 ἐν
686 1381 957 1440 Ἀχαρνεῦσι,
983 1381 1187 1439 κάνητος·
1219 1383 1266 1427 ἐν
1298 1382 1344 1428 δὲ
1370 1386 1520 1444 Γη-91

112 1448 354 1508 ωρυτάδ-ῃ,
401 1449 527 1500 ἄλλος
566 1446 609 1492 δ’
647 1450 835 1506 εἰσέφερε
870 1454 1035 1508 πλεκτω
1072 1450 1277 1508 κανισκίῳ
1313 1465 1456 1506 αρτων

167 1519 393 1574 περίλοιπα
419 1514 661 1572 θρύμματα.
718 1517 803 1560 Καὶ
830 1520 995 1560 κανοῦν
1023 1514 1069 1559 δε
1098 1514 1370 1572 ἀρτοφόρον·
1399 1518 1455 1562 εἲ-

167 1600 266 1636 ποις
294 1583 335 1628 δ’
364 1599 418 1627 αν
445 1582 518 1626 καὶ
543 1583 693 1638 κίστην
720 1580 968 1639 όψοφόρον,
1004 1581 1110 1626 ὅθεν
1136 1583 1223 1635 καὶ,

249 1648 386 1706 μήτηρ
416 1647 458 1693 δ’
484 1649 531 1693 έν
556 1650 679 1706 κίστῃ
707 1649 838 1693 ἐτίθει
864 1646 1104 1705 περικαλλέ’
1133 1648 1312 1707 ἐδωδήν.

165 1717 239 1761 καί
272 1732 358 1760 που
395 1716 468 1760 καὶ
502 1717 674 1772 κοίτην,
709 1713 769 1768 ὥς
804 1715 853 1760 ἔν
885 1732 930 1760 τε
965 1721 1055 1767 τοῖς
1091 1714 1280 1768 Βάπταις
1306 1714 1455 1763 Εὐπό-

113 1787 297 1837 esiodus,

247 1848 378 1894 ἀλλά
378 1865 454 1901 τας
479 1851 627 1901 κοίτας
651 1845 695 1905 γ’
725 1849 868 1906 ἔχουσι
893 1851 1109 1902 πλουσίως
1145 1850 1415 1908 σεσαγμένας.

96 1951 100 1953 -
165 1917 239 1976 καὶ
272 1907 320 1960 ἐν
359 1914 650 1972 Φερεκράτους
676 1915 1149 1974 Μυρμηκανθρώποις,
1170 1917 1279 1963 ἄλλα
1306 1920 1381 1963 καὶ
1408 1919 1456 1963 ἐν

166 1973 328 2035 κοίταις
364 1987 456 2034 ταῖς
493 1982 587 2039 ἐμοὶ
623 1980 849 2027 ἆποκεῖνθ’
888 1982 918 2028 α“
951 1984 1157 2041 μέλλομεν
1193 1983 1452 2043 ἀριστήσειν.

166 2050 243 2095 *ἐν
277 2049 323 2095 δὲ
358 2053 413 2107 τῇ
439 2049 589 2101 Ἴωνος
622 2047 853 2108 Ἀλκμήνῃ,
891 2049 915 2095 ὁ
951 2053 1011 2103 είς
1048 2051 1128 2108 τήν
1171 2057 1247 2109 τῆς
1283 2058 1450 2111 τροφῆς
1461 2062 1517 2103 92

115 2117 440 2173 ωπαρασκευήν
472 2114 686 2168 θύλακος,
726 2116 834 2174 σάγη
869 2114 1134 2174 ὠνόμασται·
1164 2120 1238 2163 καὶ
1265 2123 1453 2178 σπυρίδα

169 2182 214 2228 δὲ
242 2182 540 2236 ὄψωνιοδόκον
564 2182 746 2240 πλεκτὴν
774 2189 967 2240 σχοῖνον,
996 2185 1043 2230 ἐν
1066 2183 1317 2245 Ἀμφιαράῳ
1344 2185 1453 2244 Ἀρι-

169 2248 387 2307 στοφάνης
424 2249 526 2306 ἔφη·
565 2250 612 2293 ἐν
651 2251 697 2295 δὲ
734 2248 981 2307 Ἀχαρνεῦσι
1019 2255 1271 2309 σπυρίδιον,
1307 2253 1333 2298 ὃ
1378 2256 1453 2299 καὶ

169 2317 320 2369 πλὲιος
346 2319 496 2373 εἴρηκε,
521 2321 882 2376 παρατραγῳδῶν.
909 2319 999 2362 Καὶ
1019 2317 1073 2363 τά
1099 2319 1179 2376 μὲν
1205 2325 1295 2364 τῶν
1322 2319 1454 2378 ἡδυσ-

171 2381 313 2438 μάτων
339 2381 485 2440 άγγεῖα
513 2385 642 2440 ἐρεῖς,
669 2385 877 2439 κυψέλας,
913 2383 1080 2437 ὀξίδας·
1107 2386 1181 2429 καὶ
1207 2386 1287 2443 τήν
1315 2387 1451 2446 ἐλαιη-

120 2459 164 2498 35
175 2447 255 2503 ράν
287 2449 488 2508 ἐπίχυσιν,
516 2451 570 2508 ἣν
597 2451 788 2503 Εὔπολις
814 2450 981 2508 μακρὸν
1007 2453 1184 2507 χαλκίον
1212 2451 1452 2511 ὠνόμασεν,

172 2514 247 2558 καὶ
267 2512 570 2574 Ἀριστοφάνης
597 2517 642 2562 δ’
671 2519 719 2564 ἐν
741 2517 1014 2576 Ἀχαρνεῦσιν
1040 2517 1138 2575 ἔφη,

1162 2618 1188 2646 ιιι

653 2935 785 2968 Carton
808 2945 852 2968 zu
874 2934 956 2969 Vol.
977 2933 1018 2965 11.
