1664 2950
210 135 241 176 2
540 107 1106 197 J,›1...wm-s.nx11

213 219 435 272 Nostram
469 218 738 269 animorum
765 218 1152 269 coniunctionem
1183 220 1368 270 virtutis
1390 220 1514 270 radi-

214 290 348 338 cibus
369 289 524 337 nixam
541 286 662 335 nihil
685 287 976 350 dissociabit,
1011 289 1103 335 nisi
1118 307 1240 354 quae
1261 307 1349 338 nos
1365 289 1512 337 rebus

215 358 433 407 omnibus
465 355 728 405 valedicere
756 355 938 404 iubebit
974 370 1178 404 extrema
1206 356 1340 406 hora.
1407 357 1514 406 Nec

217 425 371 474 defuit
392 443 603 490 unquam
629 422 866 488 promissis
906 423 981 472 vir
1011 425 1235 489 optimus:
1279 425 1414 473 cuius
1443 443 1514 472 sa·

215 505 459 542 crosancta
486 490 606 538 mihi
634 509 820 556 semper
848 491 936 539 erit
970 505 1110 557 atque
1147 493 1409 541 suavissima
1437 511 1514 540 re-

218 559 465 610 cordatiot.
511 559 846 624 Salmasianum
894 559 1107 607 codicem
1140 561 1414 618 obtinuerat
1452 561 1512 609 cl.

219 629 444 677 Graevius
461 627 517 675 ab
528 630 778 677 Ludovioo
798 630 1039 676 Salmasio'
1060 626 1391 690 Claudii-filim
1414 623 1514 677 Va*¹

218 697 448 757 lesianum
475 714 502 742 a
526 697 784 744 Guilielmo
810 698 1047 744 Pras-tello
1079 696 1390 744 Antecessore
1410 696 1514 743 Au-

219 763 497 825 relianensi3
541 779 747 826 quorum
764 762 1130 811 benevolentiae
1148 759 1290 811 sshaec
1308 777 1513 828 ‹accepta

218 831 478 879 referimus.
523 830 630 887 Qua
648 831 829 879 ratione
846 829 923 878 his
942 849 1052 878 usus
1073 832 1130 878 sit
1163 831 1223 878 cl.
1242 833 1513 894 Kuelmius,

219 899 369 965 ipsius
390 898 566 945 indicat
579 898 825 963 praefatio:
858 913 913 945 ut
936 914 982 946 et
1004 899 1174 964 quibus
1203 897 1388 946 indiciis
1415 899 1513 962 pri-

219 981 353 1015 mum
377 965 720 1031 investigaverit
744 966 795 1013 in
826 966 1224 1015 Commentarium
1256 963 1513 1014 eruditissi-

220 1053 352 1083 mum
367 1037 658 1098 Gotlzqf'redi
676 1038 1038 1097 Iungermanni,
1054 1052 1199 1100 quem
1215 1047 1513 1082 tamennun-

223 1120 366 1168 quam
391 1101 524 1161 vidit,
555 1101 669 1149 licet
697 1102 785 1167 ipsi
809 1116 914 1150 ante
934 1103 1116 1151 obitum
1135 1102 1413 1151 innutuisse't
1430 1102 1514 1149 ubi

220 1170 447 1221 haereret.
516 1169 698 1235 Nempe
726 1171 923 1220 illustris
954 1174 1241 1236 Artopoem,
1276 1167 1514 1218 Cancel'la-

219 1239 320 1287 rius
349 1238 597 1299 Zeizensis,
627 1256 726 1286 non
757 1252 863 1286 ante
899 1237 1073 1287 destitit
1100 1239 1340 1305 inquirere
1372 1236 1514 1303 quam

220 1306 484 1355 invenisset.
533 1305 764 1354 Latitabat
779 1306 859 1354 hic
878 1319 1036 1353 tantus
1063 1307 1309 1354 thesaurus
1339 1305 1514 1354 Altorfi

206 1391 375 1440 ,prope
412 1372 799 1441 Norimbergam‚
850 1373 975 1438 apud
1012 1389 1221 1423 sutorem
1244 1373 1512 1439 quendam,

222 1443 305 1489 cui
324 1442 459 1488 illum
475 1441 635 1489 nescio
652 1443 756 1508 quis
780 1441 972 1508 pignori
994 1442 1187 1492 dederat
1211 1458 1301 1508 pro
1330 1442 1516 1505 paucis·

221 1509 346 1556 simis
374 1503 654 1571 nummulis{
696 1523 900 1575 quatuor
929 1510 1152 1558 nimirum
1181 1508 1514 1573 imperialibus:

220 1575 366 1625 Hunc
383 1594 532 1641 quum
557 1591 720 1624 nactus
740 1590 872 1638 esset,
895 1578 1018 1624 misit
1037 1578 1097 1626 ad
1126 1579 1354 1626 illustrem
1383 1580 1514 1626 Uari-

219 1661 330 1692 cum
353 1644 654 1706 Obrechtum,
682 1645 950 1692 Praetorem
970 1647 1156 1711 regium·
1174 1643 1302 1711 'apud
1329 1644 1514 1711 Argen·

220 1722 503 1770 toratenses‚
530 1710 683 1758 virum
705 1712 1107 1775 quantivis-pretii,
1129 1715 1213 1778 qui
1231 1713 1369 1759 illum*
1385 1713 1511 1760 ultro

223 1777 593 1826 describendum
638 1778 812 1826 obtulit
861 1779 995 1826 fratri
1033 1799 1140 1829 meo
1187 1785 1260 1830 Ιο.
1300 1782 1512 1844 Rodoffo

221 1846 301 1895 W
292 1848 490 1893 etstenio
533 1844 616 1894 SS.
658 1845 968 1912 Theologiam
1008 1847 1059 1894 in
1095 1847 1242 1896 Acad.
1273 1847 1513 1897 Basiliensi

220 1911 416 1980 publice
450 1913 712 1976 profitenti,
757 1914 842 1978 qui
873 1914 971 1961 eius
996 1916 1320 1983 apographum
1347 1914 1407 1962 ad
1435 1932 1511 1962 me

220 1979 356 2030 misit.
426 1981 585 2037 Quum
617 1996 731 2030 vero
756 1982 918 2045 paullo
938 1997 1046 2046 post
1074 1983 1177 2048 ipse‘
1201 1984 1512 2032 innotuissem

218 2046 395 2095 illustri
430 2049 687 2109 Oba-chio,
734 2049 815 2113 qui
834 2062 948 2096 tunc
979 2051 1016 2098 F
1018 2051 1275 2099 rancofurti
1295 2050 1356 2099 ad
1377 2051 1513 2098 Moe·

218 2133 340 2161 num
373 2115 580 2181 legatum
606 2115 788 2181 regium
817 2118 1004 2183 agebat,
1049 2131 1177 2165 tanta
1205 2137 1280 2167 me
1301 2113 1513 2167 *be‘nevo-

217 2181 364 2229 lentia
389 2183 541 2230 subito
571 2184 845 2247 complexus
874 2198 942 2231 est
969 2186 1039 2232 vir
1067 2204 1279 2253 magnus,
1314 2199 1368 2234 ut
1402 2186 1512 2250 plus

219 2266 360 2313 quam
394 2250 644 2314 plumbeus
676 2253 761 2297 sim
792 2251 830 2298 si
850 2253 1120 2300 memoriam
1141 2254 1240 2301 eius
1260 2271 1359 2302 non
1377 2268 1513 2301 reve·

218 2333 323 2363 rear
345 2317 503 2380 quoad
525 2319 695 2366 vixero.
765 2319 824 2365 Et
846 2333 943 2367 erat
961 2316 1178 2385 profecto
1211 2321 1282 2368 illi
1301 2321 1410 2369 viro·
1420 2319 1514 2368 hu·

217 2383 415 2449 manitas
456 2398 592 2450 atque
638 2385 828 2433 comitas
865 2387 1136 2454 singularis,
1183 2388 1389 2437 eruditio
1416 2384 1513 2436 stu4

217 2450 389 2514 penda,
423 2451 664 2519 ingenium
685 2454 1016 2519 felicissimum,
1051 2470 1106 2503 ut
1132 2451 1302 2504 dubius
1327 2470 1513 2520 semper

217 2514 479 2586 haeserim,
500 2520 740 2585 quodnam
770 2519 947 2569 horum
976 2525 1122 2591 magis
1150 2524 1319 2572 induo
1341 2519 1514 2570 mirari-³·

219 2583 345 2633 dum*
364 2588 530 2636 ›for-etv
587 2587 677 2635 His
717 2589 843 2638 euim
885 2591 1092 2655 pollebat
1124 2585 1514 2656 omnibus‘supra
