1664 2950
569 102 1007 160 ΡΒΑΕΕΔΤΙΟ.
1377 106 1431 147 ss

131 228 197 269 ..et
214 219 403 264 florente
429 216 645 274 elegantia
665 230 762 260 rem
790 229 924 259 unam
954 214 1179 274 designare
1194 213 1432 271 possimus:

135 292 240 325 aion
269 275 388 319 enim
417 275 463 318 in
492 271 782 316 Onomasticis
810 279 1021 328 tanquam
1039 270 1222 337 proprio
1241 270 1433 326 quodam

138 334 244 378 loco
272 331 328 375 do
350 345 513 374 vocum
547 328 844 371 difficiliorum
873 326 1300 385 interpretationibus
1327 341 1435 382 age-

148 389 296 440 batur.
325 389 401 430 sed
429 401 515 443 quo
530 393 659 442 pacto
678 384 869 449 propriis
887 399 958 427 res
978 384 1156 441 quaevis
1174 390 1217 425 et
1235 382 1435 440 pluribus

138 443 347 509 ,insigniri
371 451 547 500 possent
574 440 745 483 verbis:
782 441 930 483 nullus
963 448 1108 483 autem
1140 438 1246 482 huic
1271 446 1437 482 tracta-

139 500 262 550 -vtiom
279 497 492 557 generalis
514 497 805 555 praescriptus
823 503 919 539 erat
941 496 1071 548 ordo3
1099 497 1174 539 sed
1191 509 1274 552 pro
1292 495 1436 538 lubitu.

141 557 285 610 ,talem
303 554 494 613 quisquis
514 552 761 603 adhibebat,
791 552 963 608 qualem
983 559 1130 599 mente
1150 551 1435 606 concepisset,

146 613 197 658 in
223 626 312 668 quo
339 625 491 654 rerum
521 609 665 665 potius
690 607 992 664 aequalitatem
1021 615 1066 650 et
1094 606 1436 663 congruentiam,

142 682 282 725 quam
313 666 542 710 literarum
574 663 730 707 seriem
765 663 1050 721 sequebatur:
1089 679 1179 706 non
1205 663 1347 720 potuit
1366 671 1444 704 ta-·

148 738 256 768 men
285 738 375 766 non
401 721 525 769 fieri,
557 720 662 776 quin
686 720 850 762 multae
873 719 918 761 in
938 720 1021 762 hoc
1040 719 1256 762 scribendi
1276 733 1435 775 genere

149 781 438 825 obscurorum
457 777 687 820 nominum
706 783 782 817 aut
800 775 1127 831 antiquatorum
1139 777 1436 818 insererentur

148 833 548 893 interpretationes,
575 831 689 887 quod
718 831 819 873 satis
849 832 982 873 etiam
1014 846 1072 874 ex
1091 830 1226 874 nostri
1245 829 1434 872 auctoris

151 889 432 936 Onomastico
464 895 652 931 constat:
701 901 803 929 cum
830 886 946 929 enim
976 895 1094 931 certa
1116 902 1185 930 res
1211 886 1436 939 incideret,

150 962 285 1006 quam
315 959 426 1004 quae
449 943 683 988 denotabat
708 943 850 985 rarior
871 951 981 986 esset
999 950 1043 984 et
1061 951 1232 986 tantum
1250 957 1339 984 non
1359 942 1436 984 ob-

150 1004 290 1047 soleta
317 1013 430 1055 vox,
467 1000 541 1043 illa
566 998 758 1056 legitimo
785 997 881 1041 iure
896 998 1215 1056 explicabatur:
1244 997 1360 1054 quod
1383 1012 1436 1039 eo

150 1058 290 1114 magis
315 1056 412 1100 fieri
439 1070 610 1098 necesse
636 1054 740 1103 fuit,
801 1054 887 1109 uia,
915 1055 952 1098 si
977 1055 1151 1111 quidem
1178 1070 1232 1112 op
1267 1053 1435 1096 ortunis

149 1113 334 1159 vocibus
362 1127 432 1156 res
460 1118 584 1154 erant
610 1111 761 1166 signan
795 1125 867 1162 ae,
904 1111 1142 1154 monstrari
1179 1111 1233 1153 de
1265 1109 1364 1152 ebat
1389 1108 1438 1151 id

151 1171 272 1227 qnod
334 1169 518 1212 rolatum
549 1174 642 1208 erat
673 1166 939 1209 vocabulum
960 1167 1012 1209 ad
1034 1182 1128 1210 rem
1147 1181 1238 1209 esse
1258 1165 1439 1223 apposi-

151 1234 273 1271 tum=
342 1224 414 1268 inc
442 1222 572 1266 etiam
597 1237 679 1265 usu
705 1222 844 1274 venit,
874 1230 926 1265 ut
945 1222 1293 1280 frequentissime
1314 1230 1437 1264 vete-

151 1297 254 1327 rum
288 1279 551 1338 scriptorum
587 1278 681 1321 loca
721 1285 764 1320 et
801 1279 1079 1322 auctoritates
1124 1278 1436 1321 adhibeantur=

150 1336 346 1383 maximo
367 1350 476 1378 vero
502 1334 546 1376 id
567 1341 663 1376 erat
681 1334 986 1386 necessarium,
1014 1334 1050 1377 si
1069 1335 1190 1377 vocis
1208 1334 1437 1377 cuiusdam

151 1391 346 1452 probitas
365 1390 508 1434 minus
523 1397 632 1432 esset
651 1397 862 1445 spectata,
891 1399 965 1433 aut
987 1391 1022 1433 si
1041 1392 1227 1448 speciem
1249 1391 1440 1446 aliquam

153 1446 361 1492 novitatis
387 1445 643 1503 praeberet:
678 1446 826 1503 ipsum
850 1461 902 1488 ea
919 1448 974 1489 de
989 1462 1039 1488 re
1058 1455 1313 1489 monentem
1333 1444 1440 1488 audi

152 1503 378 1548 Pollucem
414 1501 461 1542 in
510 1501 694 1556 epistola
729 1501 828 1545 libr.
854 1501 909 1544 X.
953 1502 1213 1559 praemissa:
1258 1500 1331 1545 καὶ
1367 1499 1439 1543 διὰ

154 1562 284 1610 τοῦτο
313 1557 387 1602 καὶ
416 1556 590 1606 πλείους
621 1555 893 1626 ἐπηγαγόμην
933 1557 1122 1600 ἐνταῦθα
1147 1555 1250 1608 τούς
1280 1554 1441 1612 μάρτυ-

185 1631 251 1666 ας,
281 1611 349 1657 ὅτι
364 1610 417 1656 τὰ
435 1613 563 1655 πλείω
582 1614 668 1654 τῶν
686 1610 911 1666 ονομάτων
931 1610 1165 1668 ἀπολογίας
1192 1613 1221 1669 ἢ
1239 1611 1437 1667 θράσους

153 1630 305 1715 {sacco-
333 1669 538 1724 idemque
562 1668 614 1709 de
634 1670 755 1708 omni
775 1668 1155 1710 Onomasticorum
1179 1683 1256 1710 usu
1283 1669 1344 1710 sic
1363 1669 1441 1709 ali·

153 1725 203 1768 bi
227 1724 395 1769 scribit:
426 1720 580 1779 μηνύει
614 1721 660 1766 δὲ
687 1721 768 1766 ὅσα
798 1739 842 1766 τε
874 1723 1117 1780 συνώνυμα,
1149 1723 1206 1775 ὥς
1229 1722 1439 1767 ὑπαλλάτ-

153 1796 241 1826 τειν
270 1777 504 1830 δύνασθαι,
534 1779 606 1822 καὶ
637 1775 702 1829 οἷς
723 1777 877 1822 ἕκαστα
894 1778 950 1822 ἂν
974 1781 1197 1836 δηλωθείη·
1226 1781 1440 1835 πεφιλοτί-

185 1852 281 1893 ηται
294 1833 380 1906 γὰρ
398 1832 453 1878 οὐ
471 1837 682 1878 τοσοῦτον
699 1835 758 1885 εἰς
778 1838 955 1891 πλῆθος,
986 1834 1154 1879 ὁπόσον
1182 1837 1239 1886 εἰς
1254 1834 1442 1886 κάλλους

150 1853 355 1949 ἕιλογηιν
396 1905 507 1948 quae
535 1904 637 1932 cum
659 1890 972 1945 elegantissime
1004 1892 1163 1934 dixerit
1179 1899 1332 1934 auctor
1356 1906 1441 1934 no-

151 1956 265 1999 ster,
293 1946 580 2004 perconcinne
611 1961 637 1990 a
663 1960 763 1988 meo
791 1946 1024 1989 Lederlino
1051 1956 1154 1990 sunt
1178 1962 1328 1989 versa:
1358 1961 1442 1990 nee

154 2011 330 2047 tantum
350 2003 398 2045 in
415 2002 650 2046 verborum
669 2018 719 2043 co
754 2002 800 2043 ia
818 2003 1124 2067 congerenda,
1154 2010 1368 2061 quantum
1394 2003 1441 2045 in

30 2050 43 2121 f
108 2095 111 2097 .
154 2059 354 2103 delectus
381 2065 611 2101 venustate
654 2058 702 2099 la
732 2057 823 2099 oris
858 2067 1102 2102 insumtum
1129 2067 1223 2101 est.-
1247 2059 1441 2101 similem

155 2115 353 2160 adhibuit
370 2113 579 2169 loquendi
604 2113 840 2155 formulam
859 2115 1022 2159 Aelian.
1043 2116 1096 2158 H.
1117 2115 1159 2159 V
1189 2116 1260 2166 111,
1291 2120 1327 2159 1.
1360 2111 1442 2157 οὐκ

124 2184 126 2186 ’
155 2168 431 2226 ἀνθρωπίνης
454 2167 597 2225 χειρὸς
623 2168 750 2224 ἔργα»
792 2166 902 2212 ἀλλὰ
938 2169 1108 2226 φύσεως
1134 2169 1351 2226 αὐτόματα
1382 2171 1442 2220 εἰς

153 2224 313 2278 κᾶλλος
345 2225 438 2269 τότε
466 2224 875 2281 φιλοτιμησαμένης·
911 2227 966 2268 ad
996 2241 1125 2281 quem
1155 2228 1300 2268 locum
1335 2241 1444 2283 per-

157 2283 284 2326 docta
301 2288 366 2327 est
381 2280 543 2322 summi
562 2281 773 2323 Perizonii
791 2288 906 2324 nota.
956 2281 1025 2324 Ad
1042 2282 1162 2324 illam
1181 2290 1327 2324 autem
1344 2296 1444 2324 rem.

156 2337 272 2394 quod
287 2336 440 2380 attinet
458 2335 707 2378 innumeras
726 2337 774 2379 in
791 2338 1083 2380 Onomasticis
1108 2337 1293 2394 reperiri
1323 2337 1445 2393 glos-

155 2407 238 2446 sas,
265 2393 326 2436 sic
356 2406 408 2435 eo
436 2391 491 2432 de
522 2391 694 2447 negotio
719 2392 851 2433 sentit
878 2393 1086 2435 eruditiss.
1115 2395 1365 2436 Maussacus
1395 2392 1444 2434 in

42 2490 50 2503 ,
155 2448 303 2492 critica
330 2447 652 2490 dissertatione:
705 2454 750 2488 et
776 2456 929 2490 tamen
955 2449 1091 2506 quisi
1123 2457 1255 2492 norat
1276 2448 1322 2490 in
1342 2447 1443 2490 He-

31 2535 35 2541 ·
101 2559 104 2562 ἦ
154 2503 302 2561 sychii
311 2502 587 2561 praesertim
606 2509 651 2545 et
671 2503 938 2605 Etymolggcrli
958 2506 1086 2562 operi
1114 2521 1166 2547 us
1183 2506 1442 2548 innumeras

149 2560 332 2625 ‘glossas
357 2559 598 2611 contineri,
638 2566 690 2623 u(
713 2567 759 2602 et
777 2559 861 2604 Sui
923 2562 1144 2622 etsylloge
1164 2568 1210 2605 et
1236 2558 1441 2604 Pollucis
