1664 2950
239 162 319 203 136
791 160 871 202 111.
929 164 969 204 4.

224 267 338 312 ’Ὅσα
359 267 442 313 α’πό
462 270 683 314 δεσποτῶν
701 269 775 313 καὶ
794 267 966 314 δούλων
991 273 1064 316 καὶ
1082 270 1135 316 τὰ
1151 268 1224 317 ἐπ’
1252 270 1408 317 αὐτῶν.
1490 270 1532 328 ἦ.

239 337 345 391 Περὶ
377 340 634 391 τραπεζιτῶν
662 337 736 380 καὶ
762 340 849 380 τῶν
872 337 956 381 σύν
987 337 1144 392 αὐτοῖς.
1464 337 1536 383 θ’.

241 404 346 458 Περὶ
374 405 558 459 δοκίμου
587 403 661 446 καὶ
687 403 899 461 κιβδήλου
929 403 1155 463 ἀργυρίου,
1182 411 1350 465 χρυσοῦ
1375 406 1449 452 καὶ
1463 404 1534 461 ἆρ-

456 469 607 527 γύρου.
1505 474 1534 516 l-

244 536 354 591 Περὶ
382 536 610 593 μετάλλων.
1475 539 1562 585 ιά.5

230 604 377 655 *Ὅπως
405 604 460 647 ἅν
487 621 551 656 τις
575 604 624 649 τὸ
655 605 769 649 πολὺ
802 605 1082 663 ὀνομάσειεν-
1457 606 1536 664 ιβ’.

231 670 379 722 ’Ὅπως
409 671 464 716 ἄν
490 689 555 725 τις
590 673 639 717 τὸ
674 673 782 717 κατὰ
806 673 950 730 χώραν
978 675 1132 732 μένειν.
1464 673 1536 731 ιγ’.

246 739 358 792 Περὶ
386 743 468 783 τοῦ
493 739 768 796 πορεύεσθαι.
1461 744 1505 787 ιδ
1513 741 1537 783 '·

246 807 356 861 Περὶ
383 812 463 850 τοῦ
492 808 641 865 φέρειν
679 809 752 852 καὶ
780 808 1004 866 φέρεσθαι.
1490 808 1539 853 tk-

236 873 357 928 ,Περὶ
387 873 494 924 ὁδοῦ
515 877 604 920 ’καὶ
633 875 823 931 εὐπόρου
857 877 932 921 καὶ
958 875 1142 931 ἀπόρου.
1458 875 1540 926 ις’.
1553 881 1596 915 10

249 942 358 995 Περὶ
385 947 517 999 χαρᾶς
551 944 624 987 καὶ
651 942 790 1000 λύπης
824 946 896 989 καὶ
924 948 1012 989 τῶν
1041 942 1117 988 ἀπ’
1149 941 1308 1000 αὖτῆς.’
1474 942 1542 997 ιζ’.

213 997 391 1067 4*Περἰ
419 1009 622 1066 εὐτυχίας.
1487 1009 1543 1067 ιή.

248 1075 356 1130 Περὶ
383 1076 540 1133 τάφου.
704 1129 706 1133 ³
1146 1089 1151 1093 '
1460 1076 1543 1122 ιθ’.

249 1142 356 1196 Περὶ
384 1143 581 1199 μεγάλων
608 1148 814 1201 ποταμῶν
841 1145 914 1189 καὶ
941 1148 1118 1200 μικρῶν.
1223 1181 1226 1184 .
1484 1143 1542 1189 κ’.

249 1209 358 1265 Περὶ
393 1214 475 1254 τοῦ
510 1217 693 1270 νοσῆσαι
748 1213 822 1263 καὶ
856 1212 1032 1269 ’ὑγιᾶναι
1086 1211 1161 1256 καὶ
1213 1213 1302 1255 τῶν
1347 1209 1430 1256 ἄπ’
1466 1209 1542 1256 αὐ·
1555 1218 1597 1254 15

463 1283 562 1324 τῶν.
804 1294 808 1298 ·
1164 1289 1170 1293 ”
1474 1278 1532 1324 κά

252 1345 361 1400 Περὶ
383 1351 467 1390 ,τοῦ
493 1351 696 1391 πλουτεῖν
728 1345 803 1391 καὶ
832 1346 1047 1390 πένεσθαι.
1123 1366 1128 1374 ·
1454 1350 1511 1404 κβ
1520 1347 1544 1386 '·
1612 1384 1617 1388 .

238 1411 396 1464 ’Ὀσοις
431 1413 486 1457 άν
522 1430 587 1465 τις
621 1413 698 1458 τὸν
736 1414 1010 1471 φιλάργυρον
1037 1410 1263 1470 ὀνομάσειε
1298 1414 1374 1459 καὶ
1399 1413 1450 1459 ἰδ
1481 1415 1546 1459 ἐν·

469 1483 628 1525 αντίον.
856 1493 859 1496 ·
1458 1489 1514 1538 ’κγ

254 1549 363 1603 Περὶ
389 1553 469 1593 τοῦ
496 1547 733 1605 προθύμου
772 1548 846 1593 καὶ
872 1552 952 1592 τοῦ
980 1549 1190 1598 ἐναντίου.
1467 1547 1603 1593 262ae

256 1615 364 1670 Περὶ
390 1621 473 1660 τοῦ
500 1621 656 1661 πωλεῖν
683 1616 756 1659 καὶ
783 1615 1001 1660 αἰνεῖσθαι.
1151 1636 1156 1640 ·
1314 1626 1316 1628 ’
1487 1614 1547 1660 κέ.

258 1684 364 1736 Περὶ
391 1688 472 1728 τοῦ
500 1683 669 1739 άγεῖραι
705 1683 778 1726 καὶ
804 1688 884 1727 τοῦ
912 1684 1117 1728 ἐναντίου.
1465 1682 1550 1732 καῖ’.

257 1751 364 1803 Περὶ
391 1756 472 1796 τοῦ
501 1751 764 1795 ιένυποίστου
793 1751 866 1810 καὶ
893 1753 972 1794 τοῦ
1001 1750 1212 1794 ἐναντίου.
1467 1747 1548 1802 κζ’.

258 1818 364 1871 Περὶ
391 1823 471 1861 τοῦ
499 1816 793 1869 κινδυνῶδους
818 1818 889 1861 καὶ
920 1816 1208 1862 ἐπικινδύνου.
1479 1814 1548 1872 κη’.

260 1885 368 1938 Περὶ
396 1890 477 1928 τοῦ
505 1885 697 1940 ἐγκαλεῖν
725 1884 797 1927 καὶ
826 1885 1050 1928 ἐπικαλεῖν.
1457 1883 1603 1930 κθ’.25

261 1952 368 2006 Περὶ
400 1957 480 1995 τοῦ
507 1952 790 2008 άγωνοθετεῖν
811 1953 890 1996 ’καὶ
918 1950 1170 1996 ά-θλοθετεῖν
1500 1949 1549 2000 λ’.

228 2072 254 2114 5
569 2075 1103 2119 ··*ΚΕΦΑΛΑΙΟΝ
1157 2078 1217 2117 Α.

364 2151 602 2210 Ἑπόμενον
639 2151 680 2197 δ’
721 2151 775 2196 ἂν
816 2154 880 2208 ε’ίη
915 2156 976 2210 τῷ
1012 2153 1109 2208 περὶ
1147 2151 1386 2209 ἀνθρώπου
1435 2150 1549 2210 λόγῳ

263 2221 419 2264 διελεῖν
443 2221 569 2276 γένος
600 2237 646 2264 τε
673 2219 746 2264 καὶ
774 2219 1047 2275 συγγένειαν,
1076 2222 1149 2265 καὶ
1178 2218 1240 2272 οἷς
1268 2219 1323 2263 ἂν
1351 2218 1552 2275 ἑκάτερον

262 2287 429 2331 τούτων
457 2287 707 2344 ὀνομάζοιτο
742 2293 830 2338 τοῖς
859 2285 1077 2343 ὀνόμασιν.
1127 2289 1239 2332 οὕτω
1280 2287 1358 2343 μὲν
1394 2285 1476 2342 γάρ
1507 2283 1607 2332 ά-δο

262 2359 419 2398 κοῦσαι
451 2355 607 2407 ’πάντες
646 2357 690 2399 οἴ
724 2353 1015 2410 προσήκοντες
1052 2354 1158 2411 ἡμῖν
1205 2355 1263 2407 ἐξ
1296 2351 1554 2409 οἰκειότητος

263 2426 497 2466 καλοῦνται
541 2427 755 2482 συγγενεῖς
802 2423 874 2464 καὶ
911 2422 1019 2473 Ζεύς
1055 2439 1117 2473 τις
1141 2422 1400 2477 συγγένειος,
1446 2418 1470 2464 ὁ
1499 2418 1554 2463 τὰ

262 2493 339 2544 τῆς
364 2493 610 2544 συγγενείας
637 2491 780 2534 δίκαι-α
809 2489 982 2546 ἐφορῶν
1012 2489 1109 2545 παρ’
1138 2489 1367 2546 Εὐριπίδῃ.
1384 2487 1555 2542 ’διακρι-

263 2556 365 2600 τέον
403 2556 444 2600 δ’
475 2557 633 2608 αὐτούς
661 2561 718 2613 τῷ
748 2554 850 2606 τούς
878 2556 955 2612 μὲν
977 2555 1062 2600 ᾰπὸ
1090 2557 1242 2612 γένους
1267 2553 1371 2612 ἡμῖν
1399 2551 1555 2610 ὀνομά-

268 2629 434 2678 ζεσθαι,
471 2624 579 2679 πρὸς
614 2625 769 2681 γένους
803 2640 846 2668 τε
893 2625 966 2668 καὶ
1004 2623 1112 2680 πρὸς
1167 2624 1346 2680 αἵματος
1390 2621 1464 2666 καὶ
1508 2619 1607 2663 ἐνδὸ
