1664 2950
233 153 291 197 86
517 145 761 188 TIBERII
789 146 1242 190 HEMSTERHUIS

240 261 386 312 vario,
424 258 495 302 cui
528 273 620 301 non
651 275 830 302 somnus
858 259 1092 315 aliquando
1120 259 1383 318 obreperet?
1425 261 1539 306 mihi

243 317 419 376 quidem
441 316 485 358 id
505 331 556 357 eo
579 316 750 358 facilius
773 317 999 372 contigisse
1023 331 1113 358 non
1136 318 1295 370 miror,
1325 332 1415 372 quo
1439 325 1541 362 ma-

244 374 306 431 gis
334 372 504 414 animus
533 386 614 428 per
643 372 790 414 varias
817 387 970 414 rerum
997 373 1257 415 mutationes
1278 373 1364 416 fuit
1383 374 1544 416 distra-

246 438 341 472 ctus
355 446 367 470 t
395 428 469 469 sed
496 427 540 469 id
562 442 736 484 quoque
757 429 895 470 multo
919 429 1272 472 molestissimum
1290 439 1385 472 erat.
1405 439 1450 473 et
1467 431 1543 473 in-

246 485 511 536 iucundum,
551 484 667 539 quod
697 483 913 526 voluntati
939 499 1063 526 meae
1091 484 1136 526 in
1156 485 1376 528 Pollucem
1397 494 1464 534 et‘,
1505 486 1542 528 si

247 541 316 584 fas
339 547 454 592 erat,
482 539 661 598 publica
682 541 748 582 rei
767 539 986 582 literariae
1007 540 1122 583 bona
1142 541 1426 584 declarandae
1450 549 1546 585 ter-

249 596 363 641 mini
398 596 452 638 ab
495 595 651 638 edendi
680 596 899 639 celeritate
958 604 1223 640 onerentur:
1268 597 1378 640 nihil
1409 598 1543 650 enim,

251 652 366 709 quod
397 651 564 707 liquida
588 660 735 694 mente
753 660 796 694 et
813 667 901 694 non
938 652 1076 694 ‘attens
1094 652 1290 706 affirmo,
1325 667 1407 711 per
1426 654 1548 696 invi-

252 724 321 751 sas
339 708 674 766 typothetarum
693 716 735 750 et
755 715 984 766 perpetuas
1005 708 1154 751 turbas
1165 709 1350 766 repetita
1362 710 1546 752 medita-

251 764 372 807 tione
396 765 450 806 ad
482 764 677 806 animum
702 779 914 806 revocare
940 763 1062 806 licuit
1090 771 1131 806 et
1154 765 1398 823 perpolire3
1435 780 1547 822 quae

287 821 454 862 rofecto
477 819 592 862 iusta
621 821 858 877 indignatio
882 835 1219 877 nonnumquam
1237 821 1361 864 nobis
1384 836 1550 878 quere-

252 836 319 920 i'as
345 876 392 918 in
420 875 774 919 adnotationibus
798 876 1028 934 expressit:
1074 877 1191 932 quod
1222 884 1370 920 tamen
1397 879 1443 920 in
1473 892 1548 920 me

255 932 366 985 fuit,
396 941 679 989 posteaquam
699 947 824 975 meae
845 947 871 974 a
892 932 1100 975 torculari
1119 939 1250 974 notae
1269 934 1393 975 nobis
1421 940 1550 975 erant

256 988 475 1040 redditae,
504 1004 573 1030 eas
595 989 784 1045 perlegi,
815 996 858 1029 et:
878 989 917 1030 si
946 987 1051 1045 quid
1076 988 1320 1045 displiceret
1347 997 1392 1031 et
1416 989 1545 1032 obelo

257 1044 486 1087 videretur
514 1045 781 1097 notandum,
819 1045 866 1086 in
895 1060 1030 1086 unum
1053 1047 1361 1102 corpusculum
1380 1045 1550 1101 redegit

258 1101 370 1143 haec
395 1108 542 1143 autem
571 1115 678 1142 cura
709 1100 833 1142 nobis
866 1101 1076 1143 Addenda
1101 1102 1294 1165 peperit,
1351 1116 1463 1158 quae
1494 1101 1550 1143 ad

260 1156 397 1200 finem
419 1156 523 1198 libri
536 1156 887 1213 repraesentavit
911 1157 965 1198 de
983 1157 1072 1199 istis
1093 1157 1197 1213 quid
1217 1167 1363 1216 optem
1386 1157 1553 1200 sentire

261 1227 453 1268 aequum
471 1214 692 1266 lectorem,
709 1213 833 1255 brevi
852 1212 1124 1271 praefatione
1143 1228 1193 1255 eo
1215 1214 1313 1256 loco
1334 1213 1524 1272 explicui
1538 1228 1554 1254 .-

262 1283 514 1324 quanquam
534 1277 682 1311 autem
703 1285 787 1327 pro
808 1284 883 1322 eo,
923 1269 1038 1324 quod
1057 1277 1237 1311 strenue
1257 1285 1338 1312 nec
1364 1269 1557 1325 segniter

262 1340 418 1366 sumus
436 1326 481 1366 in
500 1325 582 1367 hac
599 1340 648 1367 re
670 1325 843 1377 versati,
867 1326 1097 1383 plerasque
1114 1325 1231 1368 labes
1253 1341 1325 1368 me
1343 1326 1555 1368 delevisse

262 1395 476 1433 censeam,
506 1396 597 1423 non
618 1381 731 1423 hanc
751 1389 902 1424 tamen
921 1382 1119 1423 existimo
1137 1381 1299 1437 ingenii
1318 1383 1406 1425 mei
1426 1381 1559 1423 fuisse

262 1436 511 1488 fortunam,
540 1444 590 1478 ut
608 1453 759 1479 omnes
781 1437 1058 1489 sustulerim,
1091 1434 1206 1493 quod
1224 1438 1261 1480 si
1283 1438 1447 1481 insulse
1468 1450 1558 1502 pu-

262 1500 425 1546 tarem,
463 1493 617 1534 eodem
646 1495 743 1535 iure
766 1493 994 1535 hominem
1021 1508 1092 1535 me
1113 1494 1282 1536 exuisse
1303 1494 1422 1536 haud
1438 1493 1558 1536 diffi-

265 1550 405 1591 culter
434 1549 720 1591 crediderim:
768 1549 842 1591 sed
871 1565 961 1591 non
988 1565 1039 1592 ea
1066 1550 1282 1592 dementia
1310 1565 1389 1592 nos
1414 1549 1553 1607 cepit;

265 1613 536 1662 quapropter
560 1605 784 1648 eruditum
807 1606 1015 1649 tectorem
1045 1607 1182 1648 multa
1210 1606 1344 1648 animi
1370 1612 1556 1648 conten-

262 1660 385 1702 tione
404 1669 603 1716 rogatum
625 1661 782 1714 velim,
821 1676 932 1714 non,
973 1661 1086 1717 quod
1117 1662 1336 1718 plerisque
1358 1662 1403 1704 in
1429 1676 1558 1704 more

262 1716 456 1774 positum
482 1725 572 1767 est,
603 1725 652 1758 ut
672 1732 845 1758 errores
868 1732 987 1759 meos
1007 1717 1153 1759 inutili
1173 1719 1361 1772 quadam
1378 1717 1557 1759 lenitate

265 1780 383 1828 tegat
401 1780 533 1828 atque
552 1771 803 1825 abscondat,
831 1773 903 1814 sed
933 1780 984 1815 ut
1011 1772 1057 1815 iu
1083 1773 1280 1830 apricum
1308 1781 1440 1830 atque
1461 1788 1555 1814 om·

263 1828 388 1870 nium
438 1835 722 1884 conspectum
760 1829 994 1882 producat,
1046 1836 1120 1870 aut
1163 1829 1246 1871 atio
1289 1843 1553 1886 quocunque

262 1885 395 1926 modo
415 1898 571 1925 eorum
592 1899 669 1925 nos
691 1885 846 1926 reddat
868 1886 1096 1927 certiores:
1125 1884 1238 1927 nihil
1263 1887 1378 1927 enim
1411 1885 1557 1927 minus

260 1939 422 1991 velim,
452 1955 584 1993 quam
613 1955 694 1997 per
723 1955 868 1982 meam
889 1941 1054 1997 ingenii
1071 1940 1409 1984 imbecillitatem
1426 1940 1559 1983 fene-

260 2003 397 2038 stram
420 1996 514 2038 aliis
539 1996 591 2038 ad
612 2011 783 2038 errores
801 1996 987 2053 aperiri:
1026 2011 1114 2052 quo
1141 1997 1279 2053 magis
1306 2004 1451 2046 autem
1471 1997 1556 2039 hoc

259 2050 476 2093 benevole
493 2060 535 2093 et
558 2052 905 2108 perhumaniter,
935 2061 977 2094 et
996 2052 1187 2108 quodam
1208 2054 1361 2095 aetatis
1381 2061 1557 2095 nostrae

259 2115 464 2164 respectu
498 2107 670 2155 fecerit,
711 2123 762 2149 eo
787 2108 997 2151 maiorem
1029 2109 1156 2150 nobis
1181 2109 1378 2151 animum
1408 2115 1451 2150 et:
1472 2107 1559 2150 sti-

259 2165 406 2206 mutos
432 2163 562 2205 addet
589 2165 643 2206 ad
672 2163 834 2206 similes
866 2164 971 2208 olim
1007 2165 1178 2207 labores
1208 2174 1252 2207 et
1278 2165 1410 2223 paulo
1438 2164 1557 2210 {otte

261 2219 551 2262 accuratiores
587 2220 632 2261 in
659 2220 801 2262 lucem
832 2221 1143 2277 proferendos;
1181 2221 1256 2263 sed
1287 2221 1419 2263 facite
1444 2219 1557 2263 mibi

259 2276 503 2333 persuadeo
532 2275 754 2317 neminem
791 2277 874 2318 hoc
902 2277 1023 2319 iuxta
1052 2277 1368 2334 praescriptum
1400 2290 1553 2319 meum

261 2346 352 2373 esse
379 2332 628 2374 facturum:
661 2331 833 2374 fortiter
850 2333 984 2388 igitur
1012 2332 1339 2389 expectabimus
1368 2339 1409 2374 et
1433 2331 1554 2374 fere-

259 2402 357 2429 mus
386 2391 514 2429 etiam
529 2418 540 2438 ‚
571 2403 670 2428 cum
695 2390 805 2430 iacta
825 2388 880 2430 sit
901 2390 1018 2440 alea,
1061 2402 1372 2444 quamcunque
1392 2387 1554 2444 publici

259 2443 412 2486 iudicii
435 2443 673 2485 fortunam.
729 2444 775 2486 si
796 2445 899 2500 quid
928 2444 973 2486 in
992 2445 1211 2487 scribendi
1232 2457 1390 2499 genere
1410 2443 1553 2484 minus

259 2499 317 2541 sit
337 2499 624 2557 compositum
645 2507 688 2540 et
708 2508 960 2542 accuratum
975 2532 987 2550 ,
1026 2501 1174 2543 minus
1201 2499 1352 2543 itidem
1382 2500 1555 2554 elegans

259 2562 302 2597 et
322 2564 543 2603 comtum,
582 2570 673 2597 non
705 2556 846 2598 multo
874 2571 946 2598 me
973 2557 1123 2600 labore
1146 2557 1322 2599 veniam
1342 2555 1468 2597 istius
1490 2553 1554 2595 rei

259 2612 314 2655 ab
347 2625 485 2670 aequo
527 2611 687 2653 lectore
724 2612 1066 2670 impetraturum
1103 2627 1258 2671 spero,
1297 2611 1373 2668 qui
1406 2609 1554 2667 potius
