1664 2950
236 117 298 158 74.
809 112 867 154 Π.
925 116 966 157 4.

203 234 231 274 4
566 216 1089 274 *ΚΕΦΑΛΑΙΟΝ
1144 227 1218 269 Α-

374 337 430 380 Αἳ
455 351 500 379 τε
530 334 779 392 ἀνθρώπων
805 334 970 392 ἡλικίαι
995 336 1070 381 καὶ
1095 336 1149 381 τά
1180 334 1387 394 ὀνοματα.

338 413 470 458 Ἑπτά
510 417 618 460 εἰσιν
652 414 814 472 ἡλικίαι
858 413 964 458 καθ’
997 414 1294 474 Ἱπποκράτην.
1374 414 1538 474 πρώτη,

231 483 317 529 ἀπὸ
347 482 442 534 ἓνός
476 482 556 534 ἕως
599 481 838 534 ἑπταετοῦς.
867 482 1068 539 δευτέρα,
1099 482 1185 529 α’πὸ
1226 483 1459 536 ἑπταετοῦς
1501 484 1539 528 ἕ-

232 570 292 604 ως
327 549 803 608 τεσσαρεσκαιδεκάτου.
831 551 977 607 τρίτη,
1016 549 1104 596 ἀπό
1131 550 1565 608 τεσσαρεσκαιδεκά-5
1638 599 1639 602 ,

229 637 310 664 του
354 619 434 671 ἕως
474 620 674 662 εἰκοστοῦ
719 616 910 674 πρώτου.
941 617 1171 676 τετάρτη,
1209 617 1295 664 α’πὸ
1338 621 1538 665 εἰκοστοῦ

229 687 406 744 πρώτου
445 685 524 738 ἕως
561 687 762 730 εἰκοστοῦ
790 683 967 742 ὀγδόου.
997 685 1194 744 πέμπτη,
1224 684 1310 731 ἀπὸ
1340 688 1539 732 εἰκοστοῦ

230 754 393 812 ὀγδόου
439 754 520 805 ἕως
559 758 822 811 τριακοστοῦ
850 754 1061 812 πέμπτου.
1105 754 1224 812 ἕκτη,
1254 752 1341 818 ἀπὸ
1368 770 1539 811 τριακο-

228 827 336 869 στοῦ
364 822 559 880 πέμπτου
604 822 684 874 ἕως
713 826 1061 879 τετταρακοστοῦ
1102 821 1317 879 δευτέρου.
1358 824 1537 888 ἑβδόμη,

227 891 314 938 ἀπὸ
343 894 689 947 τετταρακοστοῦ
706 889 914 948 δευτέρου
960 890 1041 942 ἕως
1054 893 1143 933 τῶν
1159 905 1538 948 τετταρακονταεν.
1548 892 1594 928 10
1626 904 1631 918 ·1

225 960 315 1004 νέα.
350 958 374 1016 ἦ
404 958 483 1016 μὲν
511 956 686 1016 πρώτη,
724 960 914 1003 παιδίον.
953 957 982 1015 ἡ
1011 957 1212 1015 δευτέρα,
1240 964 1354 1012 παῖς.
1394 959 1423 1019 ἡ
1450 963 1536 1017 τρί-

226 1045 291 1086 τη,
321 1025 562 1084 μειράκιον.
591 1026 619 1084 ἡ
649 1026 842 1084 τετάρτη,
871 1028 1109 1078 νεανίσκος.
1137 1025 1166 1084 ἦ
1185 1025 1376 1086 πέμπτη,
1406 1027 1534 1088 ἀνήρ.

225 1097 254 1156 ἡ
282 1097 403 1154 ἕκτη,
430 1095 580 1152 γέρων.
609 1094 637 1153 ἦ
667 1094 853 1152 ἑβδόμη,
886 1093 1140 1152 πρεσβύτης.

191 1236 220 1279 5
474 1230 730 1286 *neem-511
756 1231 840 1272 τοῦ
867 1226 1110 1283 ἀνθρώπου
1132 1233 1290 1287 μερῶν.
1314 1247 1317 1249 ’

332 1309 467 1366 Ἐρεῖς
495 1304 579 1354 οὗν
614 1308 664 1353 τό
695 1306 906 1365 σύνηθες,
936 1306 1200 1364 ἅνθρωπος,
1233 1307 1532 1368 ἀνθρώπινον,
1545 1307 1590 1346 15
1628 1359 1629 1362 ¹

225 1379 545 1437 ἀνθρωπίσκος,
577 1375 856 1433 ἀνθρώπιον,
887 1373 1196 1431 ἀνθρωπικὸν,
1226 1375 1532 1435 ἀνθρωπίνως,

224 1447 527 1502 ἀνθρωπικῶς,
559 1443 897 1503 ἀνθρωποειδές.
926 1444 1000 1488 καὶ
1029 1441 1282 1500 ἀνθρωπεία
1308 1447 1446 1504 τέχνη,
1475 1447 1535 1499 ὥς

228 1515 514 1571 Θουκυδίδης.
552 1515 626 1559 καὶ
667 1512 920 1569 ἀνθρωπίνη
955 1509 1109 1569 φύσις,
1139 1511 1198 1565 ὦς’
1229 1513 1447 1559 Μάτων.
1463 1512 1535 1559 άν-

223 1585 507 1640 θρωπίζεται,
545 1581 680 1640 φησὶν
710 1579 1040 1638 Ἀριστοφάνης.
1079 1580 1132 1625 τὰ
1169 1582 1216 1626 δὲ
1242 1587 1326 1626 τοῦ
1362 1580 1534 1639 ἀνθρώ-
1627 1629 1629 1636 Ι

221 1670 311 1698 που
351 1651 488 1707 δέρμα
526 1649 769 1705 ἀνθρωπῆν
801 1647 1048 1705 Ἡρόδοτος
1082 1653 1215 1693 καλεῖ.
1251 1649 1471 1707 προσήκοι
1498 1648 1536 1695 δ’
1541 1655 1590 1691 20

223 1721 279 1765 ἂν
306 1717 543 1778 ἀνθρώπῳ,
574 1716 904 1775 φιλάνθρωπος,
933 1718 1257 1773 φιλανθρωπία,
1287 1715 1536 1774 φιλανθρώὁ

219 1803 333 1839 πως,
373 1783 827 1844 φιλανθρωπεύεσθαι.
868 1782 1190 1839 ἀπάνθρωπος,
1222 1783 1530 1840 ἀπανθρωπία,

221 1854 541 1910 ἀπανθρώπως.
583 1849 1010 1907 ἀπανθρωπεύεσθαι
1046 1851 1094 1896 δὲ
1131 1849 1218 1896 οὐκ
1251 1851 1372 1908 ἐρεῖς.
1401 1856 1534 1896 πολυ-

221 1923 459 1979 ἅνθρωπος
491 1921 538 1965 δὲ
566 1920 639 1965 καὶ
667 1921 1030 1975 πολυανθρωπία,
1058 1919 1132 1964 καὶ
1162 1917 1503 1977 ὀλιγανθρωπία.
1577 1936 1580 1937 ’
1624 1926 1627 1934 '

562 2034 1087 2076 1*ΚΕΦΑΛΑΙΟΝ
1123 2035 1175 2076 Β.
1375 2083 1383 2093 .
1538 2047 1647 2094 254

279 2113 425 2170 *Περὶ
453 2111 694 2170 ἀνθρώπου
731 2109 816 2156 ἀπὸ
844 2115 1026 2155 τοκετοῦ
1062 2109 1205 2156 αὐτοῦ
1240 2111 1364 2169 μέχρι
1400 2111 1476 2155 καὶ
1623 2104 1645 2183 3¹}

694 2178 876 2237 ἐσχάτου
903 2179 1059 2236 γήρως.
1629 2183 1638 2203 ’-

331 2270 476 2327 Ἐρεῖς
504 2267 541 2315 δ’
565 2269 634 2323 ἄν,
663 2269 846 2327 σπέρμα,
874 2269 949 2314 καὶ
969 2268 1127 2325 σπορά.
1154 2268 1228 2313 καὶ
1240 2270 1428 2326 σπεῖραι,
1455 2270 1531 2314 καὶ

222 2339 394 2396 ἀρόσαι,
431 2338 504 2383 καὶ
531 2339 791 2394 καταβαλεῖν
821 2353 872 2394 το
901 2338 1082 2394 σπέρμα.
1122 2336 1431 2399 ὑποδέξασθαι,
1457 2353 1531 2383 κυ-

220 2413 344 2466 ἧσαι,
375 2410 602 2464 γεννῆσαι,
639 2410 788 2449 τεκεῖν.
827 2389 1046 2461 ἔμβρυον,
1082 2404 1248 2463 κύημα,
1301 2404 1629 2462 άνεμιαῖονδο-·

221 2475 378 2533 κύημα,
419 2472 649 2530 τρόφιμον,
689 2471 915 2529 βιώσιμον.
961 2471 1012 2517 τὸ
1049 2473 1096 2518 δὲ
1127 2472 1283 2542 κύημα
1320 2474 1395 2518 καὶ
1421 2471 1566 2529 κυος
1610 2470 1620 2491 ‘·

217 2541 532 2600 Ἀριστοφάνης
564 2540 782 2596 κέκληκεν,

416 2610 507 2669 ἥτις
534 2606 692 2654 κύουσ’
722 2607 861 2666 ἐφάνη
888 2607 997 2660 κύος
1022 2611 1263 2654 τοσουτονί.
