1664 2950
416 131 462 150 s·
528 119 541 155 :·.
594 102 983 160 ramnum
1372 124 1429 165 ss

129 227 275 282 “teng
301 228 363 271 'nt
387 227 620 271 reformati
647 229 837 271 Pollucis
866 231 1062 287 palmam
1087 229 1171 272 sibi
1202 230 1428 273 vindicare

127 284 344 344 potuerit,
372 293 418 328 et
438 285 630 328 solidum
661 285 754 326 eius
781 286 948 341 gloriae
966 285 1160 330 fructum
1177 287 1272 329 aliis
1291 301 1427 344 prae-

127 350 329 400 cerpens
371 355 626 406 quanquam
668 341 872 398 profecto
907 343 1045 386 solam
1085 343 1248 400 ingenii
1276 351 1320 386 et
1353 344 1426 388 vel

126 397 350 442 emendati
371 397 525 440 indicii
545 397 636 440 vim
653 397 736 440 hae
753 398 799 440 in
819 413 870 442 re
891 399 1106 442 dominari
1126 415 1217 442 non
1237 399 1294 442 sit
1315 414 1425 442 con·

126 451 317 498 sult'umz
343 453 463 496 hanc
476 453 596 496 enim
613 454 787 496 laudem
807 469 909 498 cum
928 456 1126 498 codicum
1155 471 1289 499 manu
1316 471 1425 499 exa·-

125 518 328 553 ratomm
356 509 551 552 bonitate
582 517 626 552 et
643 509 730 552 fide
754 511 906 568 partiri
929 513 1175 560 maluerim,
1204 511 1423 571 siquidem

125 567 171 610 id
187 567 340 609 muno
370 567 423 608 sit
441 566 577 608 tutius
611 573 655 608 et
677 567 1021 619 conducibilius;
1059 583 1162 610 uam
1192 568 1271 611 ubi
1291 568 1424 613 frena

125 621 372 666 luxurianti
392 622 569 677 ingenio
587 622 808 672 laxantur,
835 623 1157 680 perdifficulter
1178 625 1294 667 intra
1310 624 1423 667 recti

125 679 311 735 verique
336 681 548 720 terminos
566 678 798 721 consistere
820 680 954 734 solet3
984 681 1107 723 cuius
1124 681 1185 723 rei
1210 681 1422 724 lucidissi-
1433 691 1489 731 23

125 749 254 779 mum
281 732 345 777 illi
376 734 633 794 exemplum
664 734 916 788 sufficiunt,
954 750 1146 795 quorum
1176 738 1248 780 vel
1276 737 1424 780 maxi·

126 805 252 834 mum
274 798 344 832 est
371 790 419 832 iu
436 791 543 833 orbe
569 791 741 833 literato
760 806 939 834 nomen.
995 793 1282 837 Postmodum
1297 794 1424 836 inae-

126 847 331 889 stimabili
347 846 534 903 quodam
556 846 781 890 literarum
813 848 928 891 bono
954 849 1229 892 salutiferum
1255 849 1424 892 Polluci

126 903 249 946 sidus
274 901 419 945 illuxit
447 902 747 946 Gothofiedus
772 905 1148 960 hagel-mannus,
1186 907 1307 948 euius
1334 906 1420 949 viri

125 959 297 1003 meritis
321 958 502 1016 dignum
528 966 694 1002 statuet
719 970 1057 1005 monumentum
1080 970 1294 1020 perpetua
1316 976 1424 1004 eru-

125 1015 303 1059 ditionis
325 1014 417 1057 eius
444 1016 492 1058 in
519 1015 747 1059 doctorum
775 1017 1007 1060 hominum
1034 1020 1190 1061 animis
1213 1019 1424 1061 recorda-

124 1072 207 1114 ὕοι
234 1071 307 1114 hic
322 1085 423 1114 cum
445 1080 491 1114 et
502 1071 666 1130 ingenii
686 1088 737 1115 ac
752 1072 907 1117 iudicii
931 1075 1165 1118 laetissima
1187 1075 1423 1118 foecundi-

123 1134 218 1171 tate
258 1135 303 1170 et
339 1127 565 1171 uberrima
596 1128 821 1172 doctrinae
854 1131 982 1188 copia
1015 1133 1211 1174 multum
1238 1132 1421 1185 valeret,

123 1191 360 1240 utramque
375 1185 432 1227 ad
452 1184 638 1228 Pollucis
653 1186 854 1229 adhibuit
871 1187 1106 1230 medelam
1124 1188 1251 1231 istam
1269 1195 1422 1231 autem

125 1238 380 1284 eruditionis
413 1242 751 1299 exuperantiam
780 1244 898 1298 quod
928 1251 1018 1287 tam
1046 1244 1159 1287 bene
1177 1243 1421 1297 collocarit,

125 1309 301 1340 causam
318 1297 553 1356 praecipue
570 1296 755 1340 ferimus
779 1307 1002 1358 acceptam
1031 1301 1312 1365 praecellenti
1331 1301 1421 1343 Pa·

122 1352 262 1396 latino
287 1352 474 1396 Pollucis
505 1354 668 1407 codici,
703 1354 780 1410 qui
801 1357 846 1398 in
861 1371 1020 1399 manus
1036 1357 1189 1400 mcidit
1209 1356 1420 1414 singulari

123 1409 312 1508 gundum
330 1408 513 1452 fortuna
530 1411 844 1466 langermanni
863 1413 1019 1455 nosti-iz
1048 1421 1282 1471 postquam
1308 1427 1415 1456 vero

155 1477 183 1506 e
205 1465 412 1513 linceius
422 1466 650 1523 proposito
676 1467 870 1510 constitit
887 1470 1006 1527 apud
1023 1469 1226 1523 homines
1250 1469 1419 1522 doctos,

122 1520 292 1562 nullam
309 1533 522 1574 umquam
547 1522 878 1566 intermiserunt
893 1525 1167 1567 occasionem
1184 1533 1420 1582 praestan·-

122 1575 336 1618 tissimum
366 1576 682 1620 adolescentem
706 1578 964 1622 cohortandi
990 1588 1123 1637 atque
1146 1579 1417 1640 impellendi,

122 1638 173 1674 ut
189 1632 322 1675 telam
341 1631 530 1675 feliciter
546 1648 748 1676 exorsam
766 1649 898 1691 quam
919 1636 1150 1680 celerrime
1166 1638 1416 1680 detexeretz

121 1700 327 1744 maguam
362 1687 497 1745 igitur
531 1704 582 1732 ea
618 1698 875 1746 tempestate
906 1693 1114 1735 sustinuit
1140 1693 1418 1752 expectatio-

120 1756 238 1792 nem,
266 1744 386 1799 quod
404 1745 624 1802 plurimae
642 1754 752 1788 tuno
778 1749 989 1804 temporis
1008 1751 1091 1791 scri
1128 1757 1194 1791 tae
1214 1748 1415 1798 Gruter-i,

122 1799 334 1853 Goldasti,
358 1799 602 1843 casauboni
618 1802 897 1860 aliorumque
913 1804 1065 1847 literae
1115 1806 1319 1852 eclaraut,
1341 1805 1416 1848 cui

37 1855 40 1859 ’
119 1855 244 1898 illum
265 1855 498 1914 impendiis
517 1857 648 1900 etiam
673 1859 934 1902 satisfecisse
948 1861 1037 1904 iam
1057 1862 1236 1904 tandem
1255 1876 1311 1904 ex
1330 1860 1414 1903 hac

119 1919 270 1954 nostra
298 1923 580 1967 cognoscetur
603 1911 792 1958 Pollucis
821 1917 1035 1960 editione:
1067 1917 1122 1959 de
1151 1918 1237 1960 hoc
1263 1925 1415 1960 autem

118 1981 202 2011 suo
225 1967 379 2010 labore
397 1982 528 2024 quam
548 1969 643 2027 ipse
659 1986 783 2029 spem
803 1973 1056 2032 conceperit
1080 1974 1264 2031 aliisque
1291 1972 1416 2016 fece-'-

119 2023 202 2078 flt,
229 2023 403 2066 abunde
427 2033 576 2082 potest.
604 2027 811 2084 intelligi,
862 2044 917 2071 ex
948 2030 1000 2072 iis
1030 2029 1190 2083 literis,
1228 2043 1335 2087 quas
1357 2028 1415 2072 ad

118 2078 504 2124 Raiminsieldium
526 2082 789 2127 Goldastum
812 2085 953 2128 misit:
979 2086 1118 2129 verba
1137 2101 1303 2143 ponere
1320 2101 1414 2129 non

190 2135 346 2191 vehor,
362 2136 573 2191 siquidem
584 2139 639 2181 ab
649 2140 848 2183 instituto
858 2150 1008 2184 nostro
1019 2157 1108 2184 non
1120 2143 1414 2184 abhorreant:

170 2191 428 2235 erodoteum
443 2195 675 2252 negotium
691 2210 716 2237 e
742 2197 1198 2242 manibusPollucem
1219 2198 1334 2241 mihi
1350 2199 1416 2241 im

117 2247 215 2291 vito
227 2249 424 2291 excussit
431 2265 448 2302 3
477 2250 525 2293 in
543 2266 674 2309 quem
684 2253 887 2310 perduxi
903 2261 1035 2297 notas
1053 2256 1148 2297 iam
1167 2254 1231 2298 ad
1247 2254 1416 2297 librum

121 2296 230 2346 VII.
254 2319 407 2362 usque.
462 2306 636 2350 Patavi
664 2322 735 2350 me
756 2310 1050 2366 poeniturum
1068 2326 1232 2368 operae
1253 2311 1414 2359 omnis,

119 2363 452 2424 quamprimum
469 2363 753 2407 mitterentur
769 2366 958 2409 editoris
975 2367 1051 2410 W
1046 2379 1058 2412 ’.
1077 2367 1250 2420 Seberi,
1272 2367 1416 2410 amici

120 2428 229 2466 mec,
257 2424 415 2460 notae:
452 2419 619 2463 missae
636 2428 758 2465 aunt:
795 2423 992 2466 nondum
1008 2424 1227 2480 poenitet.
1268 2423 1414 2468 Credo

119 2468 338 2516 oed‘xlll.
371 2474 502 2518 MSS.
536 2491 683 2523 usum.
739 2478 842 2538 Ego
870 2477 956 2523 θύν
981 2483 1073 2538 θεῷ
1095 2495 1119 2523 e
1150 2493 1248 2524 meo
1278 2481 1413 2523 unico

119 2533 165 2569 et
189 2529 350 2572 mutilo
376 2533 605 2590 quamvis,
640 2534 746 2590 plus
770 2535 1126 2590 variantiarum,
1158 2537 1414 2580 restitutio-

122 2596 226 2628 num
253 2587 508 2642 ostendam,
547 2603 602 2632 ne
632 2588 687 2634 de
719 2590 825 2634 aliis
853 2590 1090 2647 symbolis.
1120 2607 1235 2653 quas
1259 2600 1413 2636 tamen
