1664 2950
0 139 2 186 μ
571 133 1012 176 maurane.
1382 136 1438 179 59

151 249 358 315 profecto
378 248 558 294 Graecis
584 246 864 301 nominatur,
891 245 1178 304 repetendum
1203 261 1230 289 a
1259 260 1439 304 praece..

155 308 359 354 dentibus
387 303 604 362 ἐγενόμην·
641 303 716 346 sed
735 318 836 346 oum
853 302 901 345 in
919 303 1088 361 scriptis
1107 302 1323 346 codicibus
1343 302 1440 346 ἐπα-

156 365 369 424 φροδίτου
407 359 525 412 τινὸς
552 364 740 415 legatur,
794 374 880 401 non
906 368 972 401 est
1008 359 1124 416 quod
1151 374 1233 416 pro
1261 367 1442 414 recepta

153 421 344 466 lectione
365 431 664 477 propugnem,
702 430 754 457 ea
781 422 928 457 tamen
959 414 1227 469 conditione,
1263 423 1312 457 ut
1339 414 1450 458 dxt-

156 489 307 534 στριαν
345 472 442 518 τινὰ
478 471 770 528 ἐπαφρόδιτον
808 472 867 513 sic
904 471 1230 530 interpreteris:
1266 470 1444 513 bellula

156 532 381 634 {medam
415 536 460 572 et
498 545 528 571 a
560 528 734 572 veneris
770 525 925 585 officio
956 542 1043 571 non
1072 527 1226 569 aliena
1256 528 1441 570 sartrix.

199 587 433 646 egyptium·
449 600 540 628 esse
560 585 777 627 Pollucem
799 590 972 641 oportet
989 581 1232 625 fateamur:
1262 583 1337 625 sed
1362 599 1448 641 pa·-

156 653 300 691 rentes
329 643 421 685 eius
447 648 535 683 tam
569 640 645 682 vili
668 641 765 682 loco
794 638 925 681 fuisse
954 646 997 682 et
1022 638 1274 682 inhonestae
1298 639 1444 687 sortis.

157 715 252 745 non
279 698 408 742 facile
435 696 719 746 crediderim,
747 709 844 737 cum
881 702 1053 751 patrem
1082 696 1171 738 eius
1200 703 1252 737 ut
1268 694 1450 737 doctum·

160 756 447 801 Philostratus
476 751 711 795 collaudet:
748 765 997 807 quanquam
1031 766 1121 793 non
1147 750 1230 793 sim
1261 752 1448 800 nescius,

162 813 208 856 id
230 811 415 855 minime
435 808 620 860 obstare,
647 821 735 862 quo
753 807 898 849 minus
918 807 966 848 in
985 807 1105 849 tenui
1128 807 1222 863 quis
1241 815 1366 851 natus
1392 809 1450 848 sit

162 869 363 912 fortuna:
389 863 504 907 forte
521 864 650 906 etiam
668 877 888 904 nonnemo
916 863 1182 919 suspicetur,
1210 863 1454 906 Philostra—

166 933 263 968 tum
294 937 346 965 eo
369 927 604 979 parentum
633 918 819 962 Pollucis
845 933 936 960 non
971 918 1117 961 fecisse
1163 919 1451 969 mentionem,

167 979 287 1036 quod
314 976 471 1020 humili
497 982 637 1017 essent
669 974 939 1018 conditione=
968 975 1043 1016 sed
1075 975 1186 1017 nihil
1213 975 1340 1017 estin
1364 975 1452 1017 hoo

167 1040 422 1092 argumento
443 1031 638 1090 speciosi,
667 1044 769 1073 cum
797 1045 927 1088 saepe
946 1031 1232 1073 Philostratus
1254 1030 1454 1087 plurium

166 1090 458 1148 sophistarum
500 1087 711 1144 originem
748 1094 792 1129 et
830 1094 1030 1144 parentes
1058 1087 1305 1134 reticuerit,
1345 1101 1454 1143 quos

167 1155 316 1191 tamen
360 1143 494 1187 nobili
530 1157 689 1201 genere
728 1150 771 1185 et
815 1143 967 1185 illustri
1005 1142 1171 1186 familia
1218 1150 1454 1208 prognatos

170 1202 346 1246 aliunde
363 1207 528 1244 certum
551 1207 636 1242 est:
667 1198 741 1241 sed
761 1198 845 1241 alia
866 1205 1110 1256 supersunt.
1147 1199 1325 1242 Exmde
1349 1213 1456 1241 vero

156 1273 253 1318 pro
284 1256 443 1300 deliciis
462 1270 509 1297 se
527 1254 753 1298 cuiusdam
772 1254 996 1297 illiberalis
1016 1255 1220 1297 amatoris
1244 1253 1459 1311 voluptati

174 1322 219 1357 et
237 1311 407 1357 libidini
422 1310 672 1354 deserviisse
691 1309 830 1353 refert
844 1311 918 1354 ille
937 1311 1163 1353 rhetorum
1184 1318 1460 1368 praeceptor:

170 1377 325 1428 postea
349 1367 577 1411 meliorem
604 1381 649 1407 se
677 1373 854 1409 nactum
872 1381 964 1409 esse
989 1365 1212 1409 fortunam
1233 1366 1462 1409 inscientia

175 1433 220 1468 et
246 1423 515 1482 impudentia
541 1421 662 1477 quasi
691 1422 847 1464 viatico
875 1421 1063 1478 quodam
1091 1437 1244 1467 usum:
1282 1423 1461 1466 tandem

173 1480 405 1525 mulierem
431 1477 651 1534 quandam
682 1477 931 1520 observavit
967 1477 1363 1534 septuagenariam,
1390 1477 1462 1519 vel

175 1537 317 1595 potius
325 1543 437 1590 tcum
461 1548 512 1575 ea
529 1532 758 1584 habitavit,
783 1533 889 1587 γραῒ
907 1531 1310 1589 ἐβδομηκοντούτιδι
1327 1531 1464 1590 συνῴ-

182 1601 311 1648 κησε,
360 1589 482 1631 cuius
517 1588 647 1630 etiam
681 1590 878 1630 omnium
916 1588 1131 1631 bonorum
1160 1590 1311 1631 haeres
1331 1597 1465 1631 testa-

183 1653 335 1690 mento
362 1644 501 1688 factus
530 1644 685 1686 fuisset
714 1644 896 1700 potitus,
939 1644 1020 1685 nisi
1048 1646 1250 1687 servulus
1285 1645 1464 1701 quidam

183 1701 435 1746 detestanda
451 1699 615 1742 malitia
634 1713 734 1740 eum
755 1699 910 1741 emisse
931 1714 1151 1742 venenum
1181 1700 1233 1742 ad
1252 1700 1365 1744 hanc
1384 1716 1466 1743 ex·-

178 1757 462 1815 tinguendam
478 1755 631 1797 fuisset
648 1754 834 1798 indicio:
864 1754 946 1797 hac
964 1755 1112 1811 itaque
1128 1770 1206 1813 spe
1223 1771 1322 1799 cum
1343 1757 1468 1799 exci-

182 1814 330 1867 derat,
364 1813 419 1856 ad
448 1810 595 1853 forum
631 1825 676 1852 se
702 1811 914 1864 contulit,
951 1817 995 1853 et
1020 1826 1286 1876 quamquam
1315 1828 1468 1856 causas

180 1877 329 1927 ageret
354 1866 648 1910 infelicissime
673 1867 882 1931 nulloque
908 1881 1127 1920 successu,
1165 1883 1295 1910 1anua
1319 1876 1468 1912 tamen

178 1924 310 1970 viridi
349 1924 497 1982 palma
536 1929 632 1964 erat
668 1922 869 1979 insigms:
925 1923 1010 1966 hoc
1036 1923 1152 1966 enim
1178 1933 1469 1967 monumento

181 1987 387 2024 testatum
415 1979 656 2023 voluerunt
686 1993 916 2021 causarum
944 1986 1134 2033 actores,
1161 1995 1206 2022 se
1238 1995 1288 2022 ea
1316 1995 1404 2023 esse
1425 1989 1470 2023 et

182 2034 398 2080 industria
422 2043 464 2077 et
492 2034 744 2092 prudentia,
793 2041 843 2076 ut
877 2042 1109 2092 perpetuas
1135 2043 1417 2090 reportarent
1442 2052 1471 2079 a

181 2091 379 2158 partibus
399 2090 628 2134 victoriam
664 2090 801 2133 vitam
821 2091 1040 2146 cognoscis
1068 2092 1272 2134 omnibus
1298 2092 1472 2148 flagitiis

183 2145 603 2204 inquinatissimam,
631 2160 742 2200 quae
766 2146 802 2188 si
821 2147 884 2188 sic
903 2145 990 2189 fuit
1005 2147 1050 2189 in
1072 2155 1224 2205 aperto
1241 2149 1392 2203 posita,
1421 2156 1473 2191 ut

185 2203 410 2247 neminem
449 2209 528 2244 aut
555 2215 799 2258 perpaucos
829 2202 1007 2255 lateret,
1052 2211 1097 2244 et
1132 2203 1299 2257 scriptis
1338 2205 1473 2247 etiam

190 2259 498 2315 exagitaretur,
525 2258 665 2299 miror
683 2257 900 2313 equidem,
929 2272 1018 2312 quo
1037 2266 1162 2314 pacto
1178 2260 1351 2301 Marcus
1379 2261 1475 2302 Im-

187 2322 362 2374 perator
386 2313 440 2355 ad
471 2312 697 2355 hominem
731 2313 806 2355 tali
838 2313 1156 2356 existimatione
1182 2315 1475 2357 Commodum

190 2383 331 2414 suum·
353 2368 589 2411 deduxerit
615 2368 971 2422 informandum3
1006 2369 1056 2411 in
1086 2369 1238 2427 primis
1256 2386 1354 2412 cum
1377 2386 1477 2413 mo·-

189 2441 263 2469 res
291 2426 390 2468 eius
407 2424 664 2472 ferociores,
711 2423 930 2467 referente
958 2425 1225 2482 Capitolino,
1261 2426 1481 2468 studuerit

194 2481 392 2524 emollire
424 2487 467 2521 et
484 2495 512 2522 a
528 2479 708 2536 {perdito
731 2481 843 2524 luxu
862 2481 1160 2524 -ad-virtutem
1181 2497 1385 2525 avocare:
1412 2481 1480 2524 his

196 2536 300 2579 addi
314 2542 494 2593 ·potest,
528 2536 644 2590 quod
667 2535 829 2579 >Pollux
856 2535 994 2579 fuerit.
1011 2552 1111 2583 cum
1132 2552 1286 2590 uxore,
1316 2552 1372 2579 ex
1394 2551 1481 2591 qua
1495 2542 1551 2590 32⁴

200 2591 446 2647 legitimum
478 2590 610 2635 etiam
634 2593 822 2650 suscepit
857 2592 1022 2646 filium,
1073 2602 1127 2636 ut
1159 2608 1294 2652 supra
1330 2592 1478 2635 docui:
