1664 2950
218 127 298 169 120
755 124 855 164 VIII.
880 158 883 160 .
916 128 978 168 17..

217 234 264 278 δὲ
295 233 485 277 ἐκαλεῖτο
522 233 578 290 ἣν
605 231 956 288 καταδικάζοντες
993 231 1145 284 εἷλκον,
1195 233 1356 293 κημὸς,
1395 236 1511 279 καδίψ

219 313 337 352 σκος,
365 301 524 357 ἐχῖνος,
554 305 716 358 ψῆφος,
746 302 979 358 κλεψύδρα,
1006 305 1207 359 χοιρίναι.
1263 302 1399 347 πάλαι
1424 301 1510 359 γὰρ
1660 336 1664 358 ,

218 368 429 422 χοιρίναις
473 366 568 412 ἀντὶ
604 367 766 425 ψήφων
805 368 1015 424 ἐχρῶντο,
1054 371 1177 427 αἵπερ
1214 365 1327 427 ἦσαν
1362 369 1513 426 κόγχαι
1659 420 1664 440 1

161 438 212 477 17
222 433 463 479 θαλάττιαι.
519 430 686 491 &aiifflg
721 435 768 479 δὲ
803 436 877 480 καὶ
910 440 1069 493 χαλκᾶς
1111 437 1364 494 ἐποιήσαντο
1403 436 1514 482 κατὰ

218 503 407 558 μίμησιν.
453 503 528 548 καὶ
569 502 810 547 σπόνδυλοι
845 502 892 548 δὲ
930 504 1161 549 ἐκαλοῦντο
1209 509 1254 551 αἱ
1291 510 1434 564 ψῆφοι
1470 507 1544 548 αῑ5
1600 540 1601 543 ¹
1658 497 1664 572 Ξ

219 570 480 620 δικαστικαὶ,
529 574 694 627 χαλκοῦ
728 570 1022 628 πεποιημέναι.
1077 567 1282 626 καδίσκος
1317 573 1396 630 μὲν
1434 567 1516 617 οὖν

219 637 334 681 ἐστιν
371 636 543 694 ἀγγεῖον
595 634 630 696 ᾧ
659 638 736 690 τὰς
761 638 938 696 ψήφους
979 639 1243 695 ἐγκαθίεσαν.
1285 639 1422 697 κημὸς
1457 639 1517 691 δὲ,
1655 610 1664 670 λ

206 704 281 749 ·δι’
313 700 370 748 οὗ
399 705 614 765 κατῄεσαν
652 708 698 750 αῖ
725 709 890 763 ψῆφοι,
929 706 1200 764 ἐπικειμένου
1226 711 1288 767 τῷ
1314 709 1518 764 καδίσκῳ.
1654 675 1664 784 Ι

221 772 358 829 ἐχῖνος
397 774 467 822 δὲ.
514 769 568 817 οὗ
598 775 644 817 αἱ
671 775 906 829 μαρτυρίαι
947 774 1226 831 ἐμβληθεῖσαι
1275 776 1524 832 κατεσημαί·
1648 779 1659 782 ”’

220 857 363 884 νοντο.
391 843 477 884 τῶν
506 841 551 884 δὲ
577 844 658 884 τοῦ
687 842 966 897 δικαστηρίου
994 845 1137 897 μερῶν
1165 842 1253 887 ἐστι
1277 843 1351 888 καὶ
1377 841 1405 899 ἡ
1435 853 1564 898 κιγ-Ιο
1652 855 1653 858 ’

221 908 336 959 κλὶς,
378 908 453 951 καὶ
491 906 754 964 δρύφακτος.
791 907 902 952 ἔνιοι
937 909 982 953 δὲ
1021 911 1190 954 οἴονται
1228 910 1302 954 καὶ
1329 908 1521 967 ἀνάγκην

222 979 378 1028 σκεῦος
405 973 516 1020 εἶναι
552 973 812 1027 δικαστικὸν,
843 975 1040 1029 εἰπόντος
1063 975 1412 1035 Ἀριστοφάνους,
1439 976 1522 1022 οὐκ
1549 989 1553 992 ⁴

222 1046 268 1101 ’ίῃ
293 1043 441 1100 λαβὼν
467 1042 628 1100 θύραζε
664 1042 718 1087 τοὶ
752 1044 1007 1101 ψηφίσματα
1042 1045 1115 1088 καὶ
1140 1044 1222 1103 τὴν
1259 1043 1452 1102 ἀνάγκην
1479 1045 1523 1096 ἐς

164 1110 414 1167 18κόρακας
458 1112 678 1163 ἐντεῦθεν,
737 1110 843 1154 *καὶ
882 1111 1070 1167 φρυκτοὶ
1115 1112 1163 1157 δὲ
1192 1113 1436 1158 ἐκαλοῦντο
1477 1113 1524 1156 αἱ

220 1183 365 1236 ψῆφοι
394 1181 439 1223 αἱ
467 1178 718 1224 δικαστικαί.
767 1176 872 1221 ὅθεν
911 1178 986 1222 καὶ
1013 1178 1182 1236 φρυκτή
1209 1196 1275 1231 τις
1302 1183 1463 1236 ψῆφος,
1491 1174 1566 1236 ᾗ15

223 1248 283 1298 εἰς
320 1246 373 1290 τοὶ
408 1247 579 1290 ἐναντία
627 1246 842 1301 ἐχρῶντο.μ
872 1243 1057 1300 φύλλοις
1097 1245 1144 1289 δὲ
1181 1247 1439 1304 ἐψηφίζοντο
1479 1249 1523 1290 οἱ

222 1313 335 1357 κατὰ
370 1313 533 1370 δήμους
569 1311 833 1365 δικάζοντες,
882 1310 947 1364 οἷς
985 1312 1253 1370 ἐπέγραφον,
1293 1316 1332 1358 εἴ
1365 1331 1431 1366 τις
1467 1313 1524 1365 ὥς
1580 1344 1584 1348 »

224 1381 557 1438 παρέγγραπτος
584 1380 785 1435 ἐκρίνετο.
824 1380 898 1424 καὶ
924 1378 973 1423 τὸ
1014 1384 1286 1436 καταγνῶναι
1332 1381 1522 1425 ἐκαλεῖτο

225 1448 619 1505 ἐκφυλλοφορῆσαι.
647 1447 721 1491 καὶ
749 1446 774 1491 ὁ
806 1446 1176 1503 κατεγνωσμένος,
1205 1447 1525 1505 ἐκπεφυλλοφο-

226 1515 424 1572 ρημένος.
473 1514 715 1572 ὠνομάζετο
756 1515 803 1559 δὲ
849 1512 1011 1558 ταύτὸν
1043 1517 1203 1568 τοῦτο,
1257 1513 1580 1574 ἆποψηφίσα-Ξο

230 1588 344 1626 σθαι.
385 1583 458 1627 καὶ
505 1581 859 1640 ἄπεψηφισμένον
896 1580 1163 1644 ’ὑπεναντίως
1201 1581 1252 1627 τὸ
1291 1582 1412 1638 παρὰ
1437 1587 1529 1634 τοῖς

169 1656 220 1696 19
231 1651 460 1702 δικασταῖς.
506 1650 626 1694 ’ἐκεῖ
648 1648 732 1706 γὰρ
759 1648 809 1694 τὸ
838 1648 1221 1706 ἀποψηφίσασθαι,
1269 1649 1319 1694 τό
1349 1648 1528 1706 ἀφεῖναί

226 1717 354 1761 ἐστιν.
390 1717 437 1761 ἐν
465 1717 512 1762 δὲ
538 1721 630 1769 τοῖς
655 1715 765 1761 κατὰ
793 1714 959 1773 δήμους
988 1717 1276 1772 δικαστηρίοις
1321 1716 1418 1761 ἀντὶ
1443 1719 1528 1761 τοῦ

227 1787 612 1842 καταψηφίσασθαι
636 1783 838 1828 τάττεται.
869 1784 913 1827 αἱ
942 1783 988 1827 δὲ
1017 1783 1064 1827 ἐν
1090 1787 1184 1834 τοῖς
1210 1783 1366 1840 δήμοις
1393 1780 1523 1827 αὗται

227 1853 390 1907 κρίσεις
444 1852 679 1897 ἐκαλοῦντο
729 1851 1023 1906 διαψηφίσεις.
1059 1850 1134 1901 καὶ
1168 1849 1196 1906 ἦ
1236 1849 1375 1907 βουλὴ
1414 1849 1463 1894 δὲ
1500 1849 1584 1906 ⁹525

227 1922 318 1962 τῶν
346 1921 641 1963 πεντακοσίων
675 1916 855 1975 φύλλοις
896 1914 992 1959 ἀντὶ
1016 1914 1178 1973 ψήφων
1215 1916 1413 1973 ἐχρῶντο.
1439 1933 1530 1963 κοι-

228 1989 287 2042 νῇ
316 1985 462 2041 μέντοι
498 1989 584 2036 πᾶς
612 1985 636 2029 ὁ
665 1987 798 2041 δῆμος
837 1981 1064 2038 ὀστράκοις
1100 1983 1336 2040 ἐψηφίζετο.
1377 1985 1452 2029 καὶ
1477 1983 1527 2028 τό

230 2052 359 2108 ἔργον
393 2053 582 2096 ἐκαλεῖτο
618 2049 954 2107 όστρακοφορία.
990 2050 1064 2094 καὶ
1103 2050 1154 2094 τὸ
1186 2051 1350 2103 πάθος,
1383 2050 1530 2109 ὀστρα-

233 2118 397 2174 κισμός.
425 2119 499 2162 καὶ
525 2118 574 2162 τὸ
605 2119 734 2174 ῥῆμα,
762 2117 1069 2172 ἐξοστρακίσαι,
1097 2118 1172 2162 καὶ
1200 2119 1531 2176 ἐξοστρακισθῆ-

170 2201 319 2240 2οναι.
362 2186 467 2229 *καὶ
493 2186 888 2241 περισχοινίσαντας
916 2183 964 2227 δέ
991 2200 1054 2235 τις
1081 2189 1157 2241 τῆς
1202 2185 1364 2242 ἀγορᾶς
1399 2186 1586 2243 μέροςδο

233 2254 318 2297 ἔδει
354 2253 502 2310 φέρειν
538 2253 599 2303 εἰς
635 2250 713 2295 τὸν
747 2251 1078 2306 περιορισθέντα
1118 2252 1256 2298 τόπον
1289 2252 1532 2310 Ἀθηναίων

230 2319 310 2364 τόν
354 2318 626 2376 βουλόμενον
676 2317 891 2374 ὄστρακον
944 2318 1287 2376 ἐγγεγραμμένον
1334 2319 1532 2376 τοῦνομα

232 2390 315 2431 τοῦ
359 2386 588 2443 μέλλοντος
634 2385 1013 2440 ἐξοστρακίζεσθαι.
1056 2385 1141 2444 ὅτῳ
1179 2387 1228 2431 δὲ
1275 2387 1532 2444 ἑξακισχίλια

232 2453 401 2510 γένοιτο
439 2451 492 2496 τὰ
531 2453 740 2508 ὄστρακα,
778 2456 938 2496 τοῦτον
975 2457 1131 2508 φυγεῖν
1163 2454 1315 2511 ἐχρῆν,
1354 2453 1434 2511 οὐχ
1472 2455 1533 2506 ὥς

174 2572 176 2575 v
234 2518 609 2576 κατεγνωσμένον,
652 2518 747 2563 ἀλλ’
786 2518 843 2571 ῶς
869 2523 923 2576 τῇ
951 2521 1144 2576 πολιτείᾳ
1171 2520 1439 2577 βαρύτερον,
1479 2520 1586 2566 δι’35
1656 2574 1664 2582 *-

241 2586 393 2644 ἄρετῆς
432 2586 607 2644 φθόνον
641 2590 830 2643 μᾶλλον,
857 2587 886 2645 ἢ
926 2585 997 2631 διὰ
1035 2588 1186 2639 κακίας
1227 2586 1376 2644 ψόγον.
1438 2591 1534 2632 Τῶν
