1664 2950
0 386 19 550 <2-um‘2
0 349 5 365 -
4 316 6 322 ,

535 113 964 163 PRAEFATIO.
1342 115 1394 160 61

109 249 255 280 meam
283 231 460 276 adferre
486 245 577 274 non
604 225 840 286 gravabor,
877 243 979 273 cum
1015 227 1124 272 illud
1159 226 1294 270 etiam
1320 230 1396 279 ⁸0³.

83 289 280 351 :phistici
307 288 502 331 muneris
535 294 646 328 esset
674 285 907 342 discipulos
933 286 980 328 in
995 283 1244 328 forensibus
1266 299 1395 327 exer-

34 390 41 396 „
86 361 208 390 -cere
234 345 395 399 causis,
430 343 622 390 arbitror
649 356 702 383 ex
728 349 932 399 suggestu
959 342 1161 384 recitatas
1190 354 1282 382 esse
1310 339 1392 382 de-

107 401 388 446 clamationes
414 398 662 455 sophisticas
678 429 690 447 ,
720 399 946 441 actionum
973 405 1119 440 autem
1147 397 1394 439 forensium

110 458 358 503 doctrinam
410 470 512 500 cum
558 455 780 511 discipulis
830 453 1130 519 irnpertirent,
1185 452 1395 510 sophistas

96 511 272 558 'stantes
297 511 522 555 recitasset
551 511 645 575 ipsa
672 524 773 552 cum
800 524 1007 567 opinione
1033 524 1132 551 mea
1158 510 1269 551 ratio
1297 523 1396 551 con-

109 570 247 614 iux-ate
285 583 389 611 nam
425 568 471 610 in
506 566 770 609 orationibus
805 564 1043 623 sophisticis
1081 562 1290 622 ἆβρότης,
1318 579 1397 608 seu.

109 625 324 684 quaedam
350 622 668 682 pronunciandi
694 621 878 665 mollitia
905 621 1211 677 requirebatur
1238 629 1282 662 et
1303 633 1397 676 gra·

109 690 158 725 ta
186 680 436 728 dulcitud03
480 678 555 721 sed
595 678 644 720 iu
679 676 949 720 iudicialibus
976 676 1105 719 nervi
1132 676 1326 733 quidam,
1355 683 1400 718 et

112 737 249 782 animi
304 735 621 790 oculorumque
668 748 718 776 ae
761 740 957 789 gestuum
1004 731 1205 775 omnium
1248 732 1398 789 vigor:

110 792 311 852 pluribus
338 805 435 833 eam
464 805 558 833 rem
585 789 862 846 argumentis,
890 789 1007 843 quod
1034 788 1130 838 fieri
1157 789 1271 831 forte
1301 803 1396 844 pos·
1468 788 1472 789 ⁷

112 856 194 900 set,
221 845 493 892 constabilire
512 861 602 888 non
620 844 865 902 aggrediarx
893 845 999 888 illuc
1028 844 1146 887 enim
1175 845 1229 886 ad
1257 844 1399 886 Pollu-

114 919 212 948 cem
238 910 304 946 est
327 902 615 946 redeundum.
668 901 767 944 Non
793 907 966 943 tantum
994 915 1097 943 vero
1124 915 1284 957 magna
1310 900 1400 943 lau-

115 961 182 1004 dis
210 958 443 1002 aemulatio
471 959 588 1000 inter
614 957 847 1014 sophistas,
886 956 961 999 sed
999 964 1043 999 et.
1079 957 1230 1012 ingens
1258 955 1400 998 inter-

116 1016 296 1059 cedebat
321 1014 588 1066 obtrectatio,
619 1028 730 1071 quae
757 1012 892 1055 modo
920 1028 1013 1055 non
1044 1011 1188 1054 defuit
1216 1012 1400 1063 Polluci,

114 1071 191 1114 sed
219 1072 348 1114 etiam
377 1069 544 1113 invidia
570 1069 720 1125 magis,
750 1082 882 1125 quarn
912 1082 971 1112 ex
999 1067 1064 1110 rei
1085 1068 1199 1110 forte
1219 1068 1401 1110 veritate

114 1128 299 1170 virtutes
326 1127 420 1168 eius
449 1125 642 1169 obtrivit.
703 1125 861 1169 Incidit
887 1124 1157 1169 Athenodori
1186 1124 1271 1166 viri
1309 1125 1402 1166 cla-

115 1182 279 1228 tissimi
312 1189 425 1226 aetas
461 1181 509 1223 in
550 1195 602 1224 ea
643 1188 866 1238 tempora,
915 1180 1071 1238 quibus
1108 1195 1176 1222 res
1212 1179 1403 1223 Pollucis

108 1238 308 1284 rmaxime
329 1237 592 1285 floruerunt3
624 1237 713 1289 sed,
742 1251 843 1278 cum
873 1237 1054 1278 eandem
1082 1243 1220 1278 artem
1251 1242 1405 1277 tracta-

116 1301 204 1344 ret,
243 1294 336 1336 eius
365 1293 582 1335 orationes
608 1301 659 1336 ut
686 1293 875 1350 pueriles
903 1300 948 1334 et
976 1299 1184 1334 enervata
1213 1291 1406 1334 dictione

119 1349 364 1394 diffluentes
417 1348 649 1392 illudebat:
718 1349 1027 1392 Philostratus:
1083 1346 1303 1392 παιδεύων
1357 1346 1406 1390 δὲ

139 1403 468 1463 Ἀθηνόδωρος)
509 1403 616 1448 κατὰ
650 1403 854 1460 χρόνους,
903 1402 983 1454 οὓς
1019 1404 1092 1447 καὶ
1129 1402 1407 1458 Πολυδεύκης

175 1463 363 1512 acea-ss,
408 1459 633 1504 ἐπέκοπτεν
661 1458 796 1503 αὐτοῦ
822 1464 915 1510 ταῖς
944 1460 1195 1512 διαλέξεσιν,
1236 1459 1294 1509 ὥς
1323 1473 1408 1514 μει·

122 1515 312 1573 ρακιώδη
338 1514 488 1572 λέγων,
517 1517 560 1558 οἱ
582 1514 806 1559 Ταντάλου
831 1519 971 1572 κῆποι·
1000 1530 1131 1571 quam
1159 1516 1408 1563 orationem

123 1569 386 1637 μειρακιόδη
404 1571 561 1614 Graeci
588 1579 762 1621 vocant,
784 1572 1012 1629 puerilem
1038 1571 1190 1612 dicunt
1204 1569 1410 1621 Romani,

123 1643 170 1670 m
205 1642 293 1684 qua
325 1627 520 1668 ieiunitas
558 1634 624 1668 est
662 1634 703 1667 et
736 1626 955 1668 insulsitas
991 1640 1189 1678 summa,
1238 1627 1410 1667 nullum

121 1698 231 1726 vero
268 1697 416 1724 rerum
455 1681 778 1738 verborumque
812 1682 1002 1738 pondus:
1051 1682 1104 1724 de
1142 1681 1412 1724 orationibus

123 1739 333 1795 Hegesiae
374 1737 457 1780 ista
493 1737 713 1779 Ciceronis
752 1745 816 1779 est
851 1737 1130 1792 interrogatio
1167 1737 1215 1779 in
1251 1738 1410 1779 Bruto:

122 1794 192 1839 At
218 1793 328 1853 quid
351 1799 418 1834 est
443 1800 539 1835 tam
567 1791 791 1847 fractum,
822 1800 916 1834 tam
946 1793 993 1834 in
1021 1794 1142 1850 ipsa,
1167 1808 1309 1851 *quam
1336 1800 1415 1835 ta-

126 1865 228 1894 men
270 1850 578 1906 consequitur,
630 1850 928 1891 concinnitate
956 1849 1174 1905 puerile?
1212 1849 1313 1891 huic
1353 1854 1417 1891 est

116 1905 321 1964 vpposita
348 1904 472 1947 fortis
501 1914 544 1959 et
571 1919 754 1947 nervosa
783 1904 1042 1960 eloquentia.
1099 1906 1301 1948 Prae-tera
1329 1919 1415 1946 no·-

120 1961 236 2003 —tavit
273 1960 389 2018 apud
425 1961 737 2003 Philostratum
774 1960 823 2002 in
853 1961 1048 2014 margine
1079 1961 1313 2010 Morellus,
1356 1961 1415 2002 ἴσ.

128 2015 411 2061 ἐπέσκωπτεν·
441 2030 526 2071 qua
554 2031 604 2058 re
632 2031 757 2058 suam
786 2017 920 2074 ipsius
948 2016 1239 2079 ignorantiam
1270 2015 1419 2058 mani-

43 2092 50 2115 .·
127 2071 238 2115 festo
283 2072 540 2123 declaravit3
583 2085 843 2126 germanum
890 2087 1005 2114 emm
1050 2072 1291 2127 genuinum
1327 2084 1419 2112 esse

55 2164 74 2174 ,,
127 2142 232 2170 reor
260 2127 498 2172 ἐπέκοπτεν·
529 2135 595 2169 est
622 2134 764 2169 autem
795 2127 1035 2171 ἐπικόπτειν
1063 2127 1276 2169 acerbiori
1305 2141 1422 2182 quo-

129 2183 360 2226 dammodo
401 2183 575 2238 linguae
617 2183 797 2226 verbere
835 2185 1023 2238 aliquem
1062 2184 1290 2237 castigare,
1341 2190 1422 2223 aut

22 2278 59 2297 .-
128 2239 273 2296 potius
309 2245 457 2302 aperto
496 2246 734 2280 scommate
775 2241 844 2281 vel
874 2239 1073 2281 convicio
1101 2239 1328 2280 mordere:
1377 2244 1423 2278 et:

130 2300 182 2336 ab
218 2293 300 2336 hac
336 2294 503 2349 orlgine
545 2292 771 2350 ἐπικόπτης
806 2294 1030 2337 hominem
1071 2294 1283 2350 significat
1312 2294 1423 2334 bene

129 2349 359 2406 prodigum
392 2349 722 2390 maledictorum
762 2357 803 2390 et
830 2348 1209 2406 reprehensionum
1252 2349 1424 2390 utrius-

30 2398 34 2401 ⁷
59 2430 66 2447 2
130 2417 219 2460 que
245 2405 369 2447 verbi
395 2405 518 2446 varia
547 2404 630 2446 suit
658 2405 772 2458 apud
800 2406 1041 2460 Diogenem
1071 2405 1296 2447 Laertium
1327 2402 1426 2446 for-

133 2466 261 2502 tuna:
289 2460 334 2502 in
354 2460 624 2517 Xenophane
645 2460 718 2508 IX,
753 2466 817 2504 18.
849 2461 956 2502 haec
982 2462 1207 2516 leguntur:
1237 2459 1427 2515 γέγραφε

133 2513 180 2559 δὲ
208 2515 280 2558 καὶ
309 2514 357 2558 ἐν
376 2514 493 2558 ἔπεσι
523 2515 595 2557 καὶ
613 2514 794 2570 ἐλεγείας
813 2517 885 2558 καὶ
906 2515 1088 2572 ἰάμβους
1114 2513 1210 2558 καθ’
1223 2513 1433 2558 Ἡσιόδου

130 2569 204 2613 καὶ
215 2568 435 2628 Ὀμήρου,
465 2569 706 2617 saumatam
727 2569 872 2617 αὐτῶν
888 2571 941 2637 τὰ
959 2571 1057 2629 περὶ
1076 2574 1195 2619 θεῶν
1212 2569 1427 2628 εἰρημένοι·

1082 2627 1157 2673 ‹12
