1664 2950
548 133 984 174 PRAEFATIO.
1037 164 1042 166 -
1355 142 1415 181 169

119 241 221 302 ἦγεν
241 244 372 296 αὐτὸς
388 243 566 302 σχολὴν,
595 248 796 299 παρεῖχεν
828 244 884 288 ἄν
914 256 984 288 σοι
1008 245 1056 289 τὸ
1079 244 1199 302 ἡμῶν
1220 247 1415 304 ἐλάχιστα

119 305 308 346 δεῖσθαι·
340 300 483 357 ἐπειδὴ
514 300 561 344 δὲ
588 299 755 343 ἐκεῖνον
786 297 811 356 ἡ
841 302 1028 357 σωτηρία
1055 305 1130 352 τῆς
1161 303 1414 360 οἰκουμένης

118 357 310 414 ἀσχολεῖ,
340 355 459 413 ἔγωγ’
484 351 566 400 οὖν
588 354 637 398 ἓν
661 371 709 411 γε
739 357 781 399 τί
807 367 878 400 σοι
904 356 1013 413 πρὸς
1036 355 1292 413 εὐγλωττίαν
1310 371 1412 416 συμ-

117 416 356 470 βαλοῦμαι·
400 413 475 455 sed
508 413 554 455 in
580 412 718 454 literis
752 412 865 454 libro
898 421 1052 456 octavo
1081 415 1291 470 praefixis
1319 416 1409 459 iam

115 477 214 512 tum
243 483 290 512 se
310 469 522 511 thronum
541 467 854 511 Atheniensem
878 468 1008 512 fuisse
1025 478 1200 512 nactum
1221 472 1414 514 manife-

115 533 182 568 sto
216 525 430 578 declarat3
459 525 513 566 ad
532 539 663 589 quem
684 523 906 580 dignitatis
926 525 1111 578 gradum
1136 527 1410 570 Commodus

115 581 297 632 Caesar,
333 588 517 638 parente
544 594 632 622 lam
659 580 885 631 defuncto,
930 581 1152 623 Pollucem
1180 583 1402 638 provexit:

114 651 215 679 cum
246 637 395 693 itaque
424 635 671 692 singulatim
708 636 977 678 Onomastici
1004 636 1138 678 libros
1165 639 1402 693 perfecerit
1416 638 1471 679 36

111 693 292 743 Pollux,
333 692 527 748 singulo,
567 691 741 733 cumin
771 691 914 734 lucem
940 692 1086 744 daret,
1137 695 1404 738 Onomastici

111 748 289 791 titulum
310 747 611 807 praescripsit:
640 755 873 803 postquam
893 763 998 790 vero
1021 746 1069 789 iu
1092 763 1230 792 unum
1252 765 1406 795 omnes

111 819 272 863 corpus
299 811 404 847 sunt
433 803 622 853 collecti,
656 800 976 859 Ὀνομαστικῶν
1000 803 1126 846 titulo
1154 805 1404 850 debuerunt

110 859 308 903 inscribi:
348 859 422 902 sed
445 859 490 900 in
511 860 822 901 commutanda
842 859 973 902 huius
998 860 1098 902 libri
1119 860 1400 918 inscriptione

110 915 287 959 liberius
323 915 615 969 aliquantum,
664 929 777 971 quae
814 930 970 958 eorum
1011 924 1075 958 est
1116 918 1399 970 consuetudo,

111 971 246 1028 egisse
263 971 429 1014 librarii
451 971 677 1019 videntum
716 970 764 1014 in
793 986 879 1025 qua
903 987 952 1013 re
979 986 1052 1014 eos
1078 972 1279 1016 confudit
1297 989 1397 1018 cum

108 1028 347 1070 similitudo
368 1026 689 1083 Ὀνομαστικοῦ
718 1034 761 1069 et
791 1025 1105 1083 Ὀνοματικοῦ,
1151 1038 1246 1072 tum
1278 1030 1394 1085 quod

107 1098 240 1126 unam
260 1098 356 1125 rem
372 1082 426 1124 ab
443 1085 579 1125 altera
598 1097 690 1126 non
709 1083 1037 1139 distinguerent.
1081 1086 1396 1128 Onomasticon

107 1154 219 1181 vero
236 1139 424 1182 Pollucis
451 1140 665 1182 nonnullo
693 1140 807 1196 apud
837 1140 1029 1183 eruditos
1054 1140 1186 1182 fuisse
1209 1157 1395 1185 numero

106 1194 211 1238 hinc
236 1202 425 1247 constat,
462 1195 579 1251 quod
609 1210 664 1237 ex
694 1195 897 1238 omnibus
926 1196 1011 1238 viri
1038 1197 1206 1255 scriptis
1234 1197 1287 1240 ad
1314 1213 1394 1240 no-

105 1259 240 1293 stram
270 1251 362 1293 sola
383 1251 613 1308 perveriut
639 1258 853 1300 aetatem,
894 1267 1027 1308 quam
1057 1253 1112 1294 ob
1144 1268 1235 1295 rem
1258 1254 1394 1296 literis

106 1306 440 1350 humanioribus
465 1321 553 1349 non
578 1307 857 1349 mediocriter
880 1309 1170 1364 gratulamur:
1199 1310 1274 1351 sed
1299 1318 1394 1367 post

104 1363 198 1419 ipsa
222 1377 374 1405 eorum
399 1362 546 1415 initia,
575 1363 702 1420 longa
729 1364 919 1419 quadam
949 1363 1167 1407 oblivione
1185 1365 1391 1408 videntur

104 1418 238 1462 fuisse
251 1419 443 1475 sepultat
469 1433 563 1460 non
582 1420 699 1462 enim
721 1419 872 1470 exiis,
902 1420 980 1475 qui
997 1421 1191 1477 proximi
1208 1421 1391 1464 fuerunt

106 1474 376 1531 temporibus
403 1475 615 1525 auctoris,
670 1482 837 1516 temere
875 1489 1125 1531 quenquam
1175 1478 1388 1529 reperies,

104 1529 180 1586 qui
205 1528 477 1572 Onomastici
503 1528 657 1571 fecerit
678 1530 1081 1582 mentionemf-aut
1104 1531 1208 1572 illud
1237 1533 1289 1574 ad
1319 1540 1388 1573 te-

102 1585 358 1628 stimonium
389 1584 687 1628 advocaveritz
717 1586 826 1641 quin
848 1601 978 1638 vero,
1015 1586 1051 1628 si
1082 1587 1389 1631 Philostratum

104 1641 318 1698 excipias,
357 1641 504 1696 ipsum
536 1641 727 1683 Pollucis
761 1656 925 1684 nomen
951 1657 1041 1683 non
1069 1643 1199 1685 credo
1222 1659 1246 1685 a
1276 1657 1388 1699 quo-

102 1712 236 1753 quam
259 1696 381 1739 istius
407 1696 555 1738 aetatis
580 1696 792 1752 scriptore
819 1712 910 1740 esse
928 1698 1174 1741 laudatum:
1204 1699 1280 1741 sed
1307 1700 1386 1742 de·-

100 1753 216 1796 cimo
248 1761 292 1795 et
323 1751 556 1794 undecimo
583 1753 820 1810 praecipue
856 1761 957 1811 post
982 1753 1207 1798 Christum
1238 1756 1385 1798 sec-ulo

100 1809 286 1860 revixit,
323 1815 367 1850 et
391 1806 513 1863 quasi
540 1807 731 1850 reviruit
758 1809 942 1852 Pollucis
970 1824 1070 1851 cum
1103 1811 1385 1854 Onomastico

99 1879 181 1907 suo
202 1878 392 1906 nomen=
432 1870 529 1920 post
550 1863 634 1906 hoc
659 1863 777 1906 enim
807 1873 895 1908 tem
932 1866 1125 1920 orisqui
1148 1866 1282 1908 literis
1303 1867 1384 1909 ali-

99 1920 201 1976 quid
221 1919 558 1973 mandaverunt,
596 1934 687 1961 non
707 1935 808 1962 raro
824 1921 900 1963 Pol
921 1920 1008 1963 ucis
1027 1922 1110 1963 hoc
1134 1923 1386 1965 Onomasti-

99 1991 182 2019 oon
200 1975 506 2018 adhibuerunt.
563 1974 742 2026 suidas,
775 1984 1082 2033 praeterquam
1100 1980 1214 2033 quod
1238 1979 1384 2021 brevi-

98 2038 166 2074 ter
184 2031 276 2074 eius
292 2032 430 2074 vitam
455 2038 500 2073 et
520 2031 681 2088 scripta
701 2031 758 2074 sit
780 2033 1048 2090 complexus,
1077 2036 1290 2077 nonnulla
1310 2035 1383 2077 vi-

98 2087 227 2130 detur
242 2087 468 2130 hincinde
486 2087 774 2146 excerpsisse.
811 2089 865 2130 de
893 2102 982 2143 qua
1006 2103 1055 2131 re
1077 2092 1294 2133 monitum
1318 2099 1383 2134 est

97 2143 329 2200 aliquando
379 2143 426 2185 in
478 2143 606 2184 notis.
692 2144 761 2185 De
791 2140 1054 2200 Etymologo
1098 2146 1203 2187 vide
1268 2160 1383 2201 quae

97 2199 249 2242 notavi
270 2198 323 2240 ad
343 2199 418 2246 IX,
444 2201 512 2243 52.
568 2197 753 2242 Luciani
779 2200 1025 2243 scholiastes
1054 2210 1278 2244 auctorem
1298 2218 1399 2245 no·-v

97 2263 234 2298 strum
263 2269 356 2296 non
383 2253 567 2319 simplici
595 2254 692 2297 vice
720 2256 931 2298 nominat.
987 2256 1071 2299 Sed
1092 2258 1280 2314 plurima
1299 2258 1382 2300 de-

38 2351 41 2356 1
96 2309 508 2368 scripsitePollucis
527 2310 824 2365 Onomasfico,
852 2311 964 2353 etin
995 2327 1125 2355 suum
1152 2327 1252 2355 cum
1281 2313 1381 2370 ipsis

95 2366 356 2422 plerumque
392 2364 618 2408 erroribus
646 2366 817 2410 lexicon
845 2365 1083 2411 transfudit
1109 2369 1381 2412 phavorinus

22 2454 41 2469 s
95 2422 296 2464 Camers:
323 2436 490 2464 nomen
509 2428 658 2464 tamen
675 2422 1116 2481 Onomasticographi
1132 2427 1269 2467 nostri
1286 2440 1380 2481 per-

11 2474 34 2534 s}
95 2491 196 2519 raro
217 2477 439 2535 apposuit:
467 2475 587 2532 quod
613 2477 650 2519 si
675 2479 770 2534 quis
798 2478 947 2521 animo
972 2495 1113 2523 vacuo
1140 2489 1184 2523 et
1206 2481 1260 2523 ab
1289 2481 1381 2523 aliis

12 2533 39 2585 tt]
97 2533 211 2574 curis
234 2534 374 2575 soluto
394 2533 613 2576 Pollucem
633 2541 677 2575 et
694 2535 994 2579 Phavorinum
1016 2536 1130 2578 inter
1146 2551 1239 2579 sese
1257 2551 1380 2578 com·

12 2591 33 2657 fx,
96 2601 252 2644 parare
277 2588 547 2641 institueret,
584 2603 675 2630 non
693 2591 899 2647 exiguum
919 2591 1080 2634 laboris
1098 2591 1289 2635 fructum
1307 2606 1380 2636 me

0 2672 37 2696 Δὶ
