1664 2950
245 181 324 220 128
779 175 877 217 vm.
934 178 1002 220 52.

242 286 527 345 κεχρημένος,
559 284 642 329 οὐκ
681 283 924 336 ἀνεύθυνος
957 279 1022 343 ἦν.
1056 285 1109 330 ‘H
1129 285 1179 332 δ’
1207 286 1444 342 εἰσαγγελία
1460 286 1534 330 -τέ-

244 368 393 397 τακται
433 351 502 396 ἐπὶ
534 355 622 395 τῶν
665 350 876 408 ἀγράφων
903 354 1121 409 δημοσίων
1149 353 1433 411 ἀδικημάτων,
1460 370 1534 398 κα-

242 421 298 464 τά
324 420 401 464 τὸν
433 417 574 475 νόμον
599 418 679 462 τὸν
708 419 1040 474 εἰσαγγελτικόν’
1069 419 1323 477 ἀμφοτέρως
1350 419 1434 476 γάρ
1470 419 1534 464 λέ-

243 500 421 544 γουσιν,
451 485 511 537 ὥς
546 486 658 542 λέγει
687 485 784 541 περὶ
813 481 875 529 ὦν
902 485 984 531 οὐκ
1009 488 1088 531 εἰσὶ
1113 487 1265 545 νόμοι·
1294 485 1459 532 ἀδικῶν
1486 487 1536 531 δέ

242 570 308 605 ,τις
336 552 562 605 ἁλίσκεται,
592 551 620 609 ἢ
647 551 800 608 ἅρχων,
827 553 857 609 ἢ
885 553 1040 610 ῥήτωρ,
1070 557 1128 606 είς
1153 554 1233 612 τήν
1260 554 1424 611 βουλήν
1451 556 1563 599 εἰσ-5

246 622 421 677 αγγελία
447 621 615 664 δίδοται
642 618 742 664 κατ’
782 617 936 673 αὐτοῦ,
971 619 1055 665 κᾶν
1092 622 1171 678 μὲν
1197 621 1346 678 μέτρια
1371 620 1537 666 ἀδικεῖν

155 725 170 738 ,
250 690 381 744 δοκῇ,
408 685 436 743 ἦ
477 685 614 744 βουλὴ
643 691 827 730 ποιεῖται
855 689 1001 744 ζημίας
1028 686 1256 744 ἐπιβολήν·
1285 687 1341 732 ἂν
1379 688 1426 732 δὲ
1453 690 1540 746 μεί-

189 751 243 793 52
255 759 320 808 ζω,
349 755 618 810 παραδίδωσι
645 756 915 813 δικαστηρίῳ.
947 753 1026 799 *vd
1055 755 1102 799 δὲ
1127 757 1300 812 τίμημα,
1329 754 1356 799 ὅ
1379 771 1424 800 τι
1455 754 1538 812 χρὴ

246 826 406 866 παθεῖν
432 820 461 878 ἢ
490 819 710 866 ἀποτῖσαι·
754 821 974 878 ἐγίγνοντο
1003 822 1051 867 δὲ
1076 823 1150 867 καὶ
1188 822 1443 878 εἰσαγγελίαι
1467 838 1541 866 κα-

245 888 300 933 τὰ
327 883 414 932 τῶν
448 888 749 933 καταλυόντων
783 888 863 933 τὸν
902 891 1040 946 δῆμον
1079 888 1302 947 ῥητόρων,
1340 889 1370 946 ἢ
1396 887 1456 946 μὴ
1483 888 1536 932 τὰ
1550 892 1595 928 10

247 955 402 1012 ἄριστα
441 959 503 1013 τῷ
542 955 662 1014 δήμῳ
699 956 931 1012 λεγόντων,
969 955 998 1013 ἦ
1034 954 1144 1013 πρὸς
1179 954 1283 1008 τούς
1308 958 1543 1013 πολεμίους
1571 1011 1576 1014 ¹

248 1022 351 1067 ἄνευ
400 1026 482 1067 τοῦ
534 1028 790 1080 πεμφθῆναι
849 1022 1149 1076 ἀπελθόντων,
1207 1022 1238 1080 ἢ
1287 1022 1543 1082 προδόντων

248 1090 492 1148 φρούριον,
529 1089 559 1146 ἢ
596 1089 821 1148 στρατιὰν,
855 1090 884 1148 ἢ
922 1095 1054 1143 ναῦς,
1091 1090 1149 1143 ὥς
1189 1090 1468 1148 Θεόφραστος
1494 1091 1542 1136 ἐν

246 1162 309 1215 τῷ
336 1157 436 1213 περὶ
474 1155 652 1214 Νόμων.
700 1157 767 1202 ὅτι
803 1158 850 1202 δὲ
879 1157 904 1201 ὁ
933 1160 1193 1214 εἰσαγγείλας
1213 1152 1295 1203 ’καὶ
1321 1157 1404 1215 οὐχ
1431 1157 1542 1203 ἔλων

249 1224 421 1281 ἀζήμιος
447 1219 525 1281 ἦν,
549 1223 774 1282 Ὑπερίδης
801 1225 848 1269 ἐν
878 1228 940 1282 τῷ
966 1224 1077 1281 ὑπὲρ
1105 1225 1395 1281 Λυκόφρονός
1421 1229 1594 1283 φησι.15

187 1293 428 1340 53*καίτοι
477 1308 525 1348 γε
566 1291 591 1336 ὁ
634 1291 912 1348 Θεόφραστος
945 1292 1049 1344 τούς
1087 1293 1165 1349 μὲν
1204 1292 1334 1345 ἄλλας
1370 1292 1542 1350 γραφὰς

245 1358 553 1417 γραψαμένους
585 1361 722 1415 χιλίας
756 1358 798 1403 τ’
829 1358 1132 1416 ὀφλισκάνειν,
1160 1361 1198 1403 εἰ
1237 1363 1317 1404 τοῦ
1343 1359 1541 1416 πέμπτου
1597 1366 1601 1369 “

245 1431 335 1471 τῶν
374 1425 534 1483 ψήφων
571 1425 629 1483 μὴ
670 1425 974 1483 καταλάβοιεν,
1023 1426 1097 1470 καὶ
1145 1429 1540 1484 προσατιμοῦσθαι·

246 1492 355 1544 τούς
385 1492 432 1536 δὲ
461 1493 806 1550 εἰσαγγέλλοντας
832 1492 890 1550 μή
910 1492 1172 1551 ἀτιμοῦσθαι
1203 1493 1309 1554 μὲν,ι
1323 1494 1474 1551 ὄφλειν
1495 1494 1543 1540 δὲ

247 1561 326 1612 τὰς
352 1561 498 1617 χιλίας.
535 1560 647 1605 ἔοικε
674 1561 722 1606 δὲ
748 1564 879 1606 τοῦτο
909 1559 981 1604 διά
1009 1559 1114 1612 τούς
1142 1561 1302 1618 ῥᾳδίως
1327 1559 1597 1617 domu-20

251 1633 407 1678 λοντας
439 1626 628 1682 ὕστερον
662 1625 1034 1684 προσγεγράφθαι.
1086 1625 1367 1684 Δημοσθένης
1404 1628 1451 1672 δὲ
1495 1627 1543 1671 ἐν

247 1698 313 1752 τῷ
358 1692 469 1739 κατὰ
499 1695 744 1747 Μέδοντος,
772 1695 846 1738 καὶ
882 1693 991 1738 κατὰ
1027 1697 1116 1738 τῶν
1142 1693 1200 1752 μὴ
1229 1692 1543 1751 προσηκόντων

246 1766 301 1820 τῇ
357 1759 568 1818 ἐπικλήρῳ
616 1760 941 1805 συνοικούντων
991 1762 1214 1817 γίγνεσθαι
1247 1761 1325 1812 τάς
1361 1763 1542 1816 εἰσαγγε-

246 1831 343 1880 λίας
367 1830 490 1884 λέγει.
517 1829 647 1884 χίλιοι
676 1828 722 1871 δὲ
747 1827 856 1872 κατὰ
879 1828 958 1884 μὲν
983 1826 1061 1870 τόν
1086 1827 1272 1872 Σόλωνα
1297 1826 1376 1879 τάς
1407 1829 1542 1884 είσαγ-
1663 1875 1664 1887 ἶ

238 1897 385 1951 γελίας
413 1895 609 1950 ἔκρινον·
639 1894 748 1939 κατὰ
775 1894 822 1939 δὲ
848 1894 926 1938 τὸν
963 1894 1183 1950 Φαληρέα,
1209 1894 1284 1938 καὶ
1308 1892 1420 1951 πρὸς
1444 1902 1595 1938 xcv-25

189 1977 244 2019 54
253 1961 459 2006 τακόσιοι.
513 1959 769 2019 ’ἀγραφίου
815 1962 862 2005 δὲ
900 1963 1263 2017 κατηγοροῦνται,
1299 1962 1451 2013 οἵτινες
1487 1961 1544 2005 ἄν

248 2028 435 2080 ἑαυτούς
473 2029 734 2085 ἐξαλείφωσι.
784 2028 857 2072 καὶ
896 2025 1078 2083 ἀλογίου
1121 2027 1168 2070 δὲ
1205 2028 1302 2084 δίκη
1340 2023 1396 2085 ἦν
1432 2027 1542 2074 κατὰ

245 2101 333 2142 τῶν
366 2095 451 2140 οὐκ
488 2094 784 2139 ἀποδιδόντων
823 2093 1078 2151 λογισμούς,
1110 2089 1172 2137 ὧν
1197 2092 1253 2137 ἂν
1281 2096 1543 2152 διαχειρίσω·

248 2177 331 2210 σιν.
376 2162 497 2207 Ἕστι
528 2161 575 2205 δὲ
602 2160 649 2205 ἐκ
683 2164 770 2204 τῶν
801 2163 1059 2206 δικαστικῶν
1085 2159 1324 2217 ὀνομάτων,
1353 2177 1544 2218 προομο-

249 2233 335 2283 σία,
366 2227 626 2285 ἀντωμοσία,
662 2229 886 2283 διωμοσία,
919 2228 1132 2284 ἐξομοσία,
1161 2226 1403 2284 ἀπωμοσία,
1429 2227 1597 2273 inm-30

248 2299 392 2355 μοσία,
422 2294 700 2352 παραγραφή,
731 2293 982 2350 ἀντιλαχεῖν,
1008 2292 1184 2350 ἐξούλης
1211 2297 1322 2351 δίκη,
1350 2293 1408 2352 μὴ
1427 2289 1540 2339 οὖσα

250 2367 372 2422 δίκη,
423 2361 584 2419 ἐρήμην
632 2361 805 2419 ὅφλειν,
842 2358 1229 2416 ἐνεπισκήψασθαι,
1268 2359 1543 2417 πρόσκλησις,

251 2433 418 2489 ἔφεσις,
457 2430 653 2486 ἔκκλητοι
705 2430 845 2480 δίκαι,
876 2425 962 2471 ἀπὸ
1000 2425 1230 2484 συμβόλων
1283 2427 1541 2482 δικάζεσθαι,

194 2513 248 2558 55
260 2496 486 2556 ἐμπορικαὶ
522 2498 661 2548 δίκαι,
690 2493 888 2552 ἀτίμητος
914 2495 1038 2549 δίκη,
1067 2493 1331 2551 διαψήφισις.
1371 2498 1544 2550 *Προο-

250 2569 382 2624 μοσία
408 2564 513 2621 μὲν,
541 2562 692 2631 ὅρκος,
721 2561 775 2606 ὃν
802 2560 827 2605 ὁ
861 2559 1099 2618 κατήγορος
1122 2561 1374 2618 προομνύει,
1401 2557 1430 2619 ἦ
1457 2562 1594 2619 μήν35

251 2633 394 2690 ἀληθῆ
434 2633 698 2686 κατηγορεῖν.
735 2627 993 2685 Ἀντωμοσία
1022 2628 1081 2682 δὲ,
1113 2645 1258 2685 ορκος,
1285 2629 1347 2673 ὃν
1365 2626 1390 2673 ὁ
1417 2635 1541 2686 κατη·
