1664 2950
240 180 320 222 164
781 171 976 216 lx.19.

183 293 233 334 19
246 297 341 330 σαν
398 283 515 328 *Καὶ
548 282 626 326 τόν
661 281 739 339 μεν
771 281 927 339 ταύτης
963 283 1123 342 δῆμον,
1163 283 1365 341 ἀρχαῖον.
1403 283 1529 329 αὑτό-

225 349 390 409 χθονα,
417 353 586 407 γηγενῆ,
615 348 815 406 γνήσιον,
845 350 1012 408 ἐγγενῆ·
1041 349 1120 395 τόν
1147 351 1195 395 δὲ
1223 350 1409 409 ἐκείνης,
1437 352 1531 408 ἔπη-

239 424 336 471 λυν,
364 417 586 474 ἐπηλύτην,
614 416 812 468 ἔποικον,
841 415 1100 462 ἀλλοδαπόν.
1155 419 1245 462 Καὶ
1272 419 1339 470 εἰς
1359 419 1438 475 μὲν
1464 419 1533 475 μέ·

239 491 373 543 γεθος
407 485 594 529 ἐπαινῶν
627 482 708 539 τῆν
743 483 874 527 πόλιν
909 485 1044 536 εἴποις
1082 483 1148 536 αν,
1192 483 1388 540 εὐρεῖαν,
1427 490 1531 530 πλα-

240 558 383 605 τεῖαν,
409 551 629 608 προμήκη,
657 549 902 606 ὑπερμήκη,
931 552 1148 607 μηκίστην,
1179 551 1388 608 μεγάλην,
1417 554 1559 608 μεγί·5

241 633 361 678 στην,
389 618 671 675 ὑπερμεγέθη,
696 617 960 672 παμμεγέθη,
987 617 1243 674 ὑπέρογκον,
1272 618 1533 676 ἐκτισμένην,

240 687 506 745 ἡπλωμένην,
530 683 826 740 ἐκτεταμένην,
855 680 1181 741 ἀνακεχυμένην.
1236 685 1326 729 Καὶ
1351 685 1430 742 τήν
1456 686 1535 741 μὲν

243 755 292 799 ἐν
320 753 478 810 ὁμαλεῖ,
507 749 700 802 πεδιάδα,
729 748 945 802 ἰσόπεδον,
974 749 1226 808 ἱππήλατον,
1249 750 1535 808 ἆμαξήλατον,

244 818 496 878 λεωφόρον,
528 818 598 862 ἐπὶ
625 819 784 872 πολλῆς
811 814 1074 874 εὐρυχωρίας
1105 813 1268 871 οὖσαν,
1296 815 1535 862 ἀναπεπτα-

249 888 406 946 μένην,
435 882 717 942 ἀνεῳγμένην.
752 884 825 927 καὶ
862 882 970 928 καθ’
1002 882 1224 940 ”Ομηρον,
1259 883 1534 941 εὐρυάγυιαν.
1546 897 1590 931 lo

186 955 309 1012 20’ἡ
350 953 435 1010 γὰρ
470 948 688 1007 κητώεσσα
724 949 925 994 έπίπλεόν
962 950 1048 995 ἐστι
1092 950 1302 1008 ποιητική.
1359 950 1451 1008 Τὴν
1489 952 1536 996 δὲ

246 1022 295 1067 ἐν
319 1020 423 1076 ὄρει,
453 1017 613 1074 ὀρείαν,
643 1015 803 1072 ὄρειον,
831 1014 1015 1073 ὑψηλὴν,
1042 1016 1340 1074 ὑπερύψηλον,
1371 1016 1535 1074 εὐερκῆ,

248 1087 518 1133 δυσάλωτον,
557 1082 883 1139 δυσπρόσοδον,
921 1082 1272 1140 δυσπρόσβατον,
1310 1084 1538 1141 δυσπρόσι-
1579 1080 1582 1083 ’

247 1170 344 1206 τον,
373 1153 582 1208 ἐπιφανῆ,
621 1150 871 1206 ὑπερφανῆ,
898 1148 1124 1207 ὑπερφυῆ,
1157 1149 1536 1207 ὑπερλάμπουσαν,

248 1221 597 1275 προσανιοῦσαν,
634 1218 1092 1273 προσαναβαίνουσαν·
1121 1221 1223 1269 τοῖς
1240 1218 1355 1274 ὄρεσι
1380 1228 1590 1272 προσα-15

250 1284 535 1344 μιλλωμένην,
565 1282 840 1340 ὑπερδέξιον,
869 1282 1099 1339 ἀκροπόλει
1134 1283 1353 1336 ἐοικυῖαν,
1381 1288 1537 1341 μικροῦ

248 1352 562 1408 ὑπερνέφελον,
595 1354 690 1400 ταῖς
715 1355 931 1407 κορυφαῖς
967 1351 1263 1408 ἁμιλλωμένην
1291 1355 1351 1408 τῷ
1380 1351 1536 1406 αἰθέρι,

251 1418 401 1476 ὀλίγου
439 1416 669 1468 ψαύουσαν
695 1420 784 1460 τῶν
809 1421 1023 1474 νεφελῶν,
1067 1417 1278 1473 ἐγγυτάτω
1305 1421 1393 1461 τῶν
1418 1433 1538 1474 νεφε-
1604 1435 1607 1438 ·

249 1491 360 1539 λῶν,
399 1486 572 1542 φαιδρῷ
602 1480 698 1538 ἀέρι
723 1484 1078 1540 περιρρεομένην,
1107 1483 1317 1542 ἐλευθέρῳ
1343 1487 1406 1541 τῷ
1433 1483 1537 1540 ἀέρι.

188 1554 341 1598 21*El
377 1552 423 1597 δὲ
458 1551 599 1607 ψέγεις
632 1549 713 1606 τήν
748 1552 872 1607 μείζω
904 1550 1056 1603 πόλιν,
1100 1550 1319 1608 ἔκμετρον,
1358 1549 1594 1607 ὑπέρμε-ρο

247 1635 374 1676 τρον,
404 1616 704 1674 ἀνάρμοστον,
735 1615 1064 1673 δυσφύλακτον,
1093 1616 1404 1673 δυσπρόσιτον,
1443 1620 1540 1662 δυσ-

247 1686 498 1744 πλήρωτον,
540 1685 820 1740 δυσοίκητον,
848 1684 1196 1741 πεπλανημένην,
1224 1684 1537 1742 διερριμμένην,

249 1751 580 1808 διεσπασμένην·
617 1751 817 1807 έγγενοῦς
846 1749 985 1807 δήμου
1014 1751 1158 1803 ἐνδεᾶ,
1198 1756 1435 1809 πολυγενῆ,
1462 1768 1538 1796 πο-

247 1819 469 1875 λύδημον,
501 1818 716 1874 ἄκοσμον,
745 1816 944 1871 ἄκριτον,
973 1817 1176 1873 θορύβου
1201 1817 1378 1874 μεστήν,
1406 1818 1538 1874 θορύ-

251 1888 335 1942 βου
362 1883 506 1937 πλέαν,
536 1880 780 1936 ἀκολασίας,
809 1882 1031 1938 ἀκοσμίας,
1059 1882 1309 1939 πάμφυλον,
1335 1890 1535 1942 παγγενῆ,
1545 1903 1590 1938 25

248 1950 557 2009 ἦρανισμένην,
591 1950 715 2002 ξένου
741 1948 824 1993 λεώ
853 1949 1030 2006 μεστήν,
1058 1949 1319 2003 πολύξενον,
1360 1951 1538 2004 ξενίζου-

250 2029 354 2069 σαν,
403 2014 654 2071 ἀλλοφύλου
689 2015 830 2073 δήμου
866 2015 1023 2067 πλέαν,
1072 2013 1330 2072 ἀλλοδημίας
1368 2018 1535 2076 μεστὴν,

248 2083 490 2138 πανδημίας
527 2079 778 2132 ὑπόπλεων,
818 2081 1070 2126 ἐπεισάκτου
1104 2087 1269 2139 τροφῆς
1307 2084 1536 2142 δεομένην·

188 2147 366 2198 22*οὑκ
404 2145 623 2203 ἀρκοῦσαν
658 2147 831 2203 τρέφειν
871 2147 974 2199 τοὺς
1011 2148 1256 2206 οἰκήτορας,
1305 2153 1538 2209 εἰσαγωγῆς

249 2215 509 2274 χρῄζουσαν,
540 2215 831 2269 εἰσαγωγίμων
857 2216 1018 2264 σιτίων,
1047 2216 1308 2262 ἐπεισάκτων
1334 2223 1590 2275 τροφῶν·ςο

249 2282 305 2340 ἢν
338 2281 366 2338 ἡ
400 2280 593 2324 θάλαττα
630 2284 793 2335 μᾶλλον
828 2284 904 2336 τῆς
942 2285 1023 2337 γῆς
1060 2283 1224 2338 τρέφει,
1265 2283 1324 2340 ἢν
1356 2284 1536 2340 ἔμποροι

173 2369 177 2372 ·
247 2352 410 2406 μᾶλλον
434 2350 522 2390 τῶν
549 2350 751 2402 γεωργῶν
776 2346 1000 2403 τρέφουσι,
1033 2349 1107 2392 καὶ
1133 2349 1186 2392 τὰ
1213 2350 1356 2407 ὅμοια.
1390 2349 1535 2406 Ὃμοί-

248 2431 308 2467 ως
343 2414 390 2458 δὲ
427 2413 500 2457 καὶ
535 2412 613 2469 τὴν
646 2412 827 2457 πεδιάδα
873 2413 1016 2468 ψέγων
1063 2416 1199 2467 εἴποις
1249 2415 1326 2469 ἂν,
1369 2419 1533 2474 κοίλην.

247 2482 416 2533 ὑπτίαν,
445 2479 594 2535 ἑλώδη,
625 2478 849 2535 εὐέφοδον,
878 2479 1114 2524 εὐάλωτον·
1151 2479 1206 2537 ἢν
1237 2481 1280 2534 ἐξ
1307 2481 1535 2539 ἐπιδρομῆς

250 2549 305 2594 ἄν
329 2565 393 2599 τις
420 2546 522 2592 ἕλοι.
583 2545 670 2601 Τὴν
698 2546 743 2590 δὲ
772 2545 917 2601 ὄρειον
943 2545 1087 2602 ψέγων
1114 2548 1260 2600 εἴποις,
1288 2548 1588 2605 δύσμικτος,36

231 2615 446 2676 δύσοδος,
474 2610 662 2669 ἀτριβής,
691 2610 1003 2669 ἀπρόσμικτος,
1033 2611 1405 2671 ἀπροσπέλαστος,
1431 2615 1532 2661 δύσ-
