1664 2950
12 318 27 431 2⁴

531 105 973 148 PRAEFATIO.
1340 107 1394 157 43

94 223 378 272 minutiorum
395 218 582 264 Palladis
599 233 650 260 ac
667 217 896 260 Musarum
923 229 1045 259 sacra
1071 229 1098 257 a
1113 213 1250 259 literis
1271 229 1396 258 rena-

94 284 152 327 tis
180 280 420 325 antistitem
455 292 548 319 nou
573 273 843 318 habuerunt=
881 272 1017 316 huius
1054 279 1202 315 autem
1234 270 1321 314 viri
1352 277 1396 312 et

100 335 363 384 memoriam
394 346 568 376 mecum
595 345 647 374 ac
671 329 1019 374 recordationem
1044 328 1292 387 saepissime
1320 342 1396 369 re-

95 395 233 446 eolo,
255 399 299 436 ct
322 390 598 435 mentionem
630 386 931 430 lubentissime
970 384 1105 428 facio:
1147 400 1246 427 cum
1277 384 1396 427 enim

97 464 274 495 omnem
317 443 607 491 humanitatis
657 442 855 485 eruditae
892 456 1127 484 numerum
1161 441 1398 498 implesset,

95 504 305 564 singulari
330 502 523 560 quodam
551 500 707 543 favore
731 507 776 541 et
805 498 979 556 prolixa
1008 499 1236 540 voluntate
1261 511 1398 540 cona-

97 569 372 607 tus-nostros
404 558 453 601 in
482 555 624 601 literis
657 555 917 598 immaturos
941 553 1165 596 adiutabat
1191 552 1401 596 fovebat-

99 632 211 676 quez
237 632 265 660 a
280 615 444 659 nullius
459 613 575 656 enim
598 626 734 668 aeque
753 609 952 653 moribus
969 609 1247 659 abhorrebat,
1267 622 1400 665 quam.

102 688 276 724 eorum,
303 671 392 727 qui,
421 669 459 713 si
507 684 585 712 uos
615 667 1009 710 animadverterint
1040 665 1402 709 adolescentiores

99 731 155 774 ad
186 729 424 786 ingenuam
452 741 477 768 a
507 725 674 783 spirare
712 723 981 773 doctrinam,
1019 737 1046 764 a
1075 723 1222 765 studio
1256 730 1402 764 retra-

99 788 239 833 hunt,
278 791 322 826 et
355 797 480 842 spem
506 781 682 824 futurae
702 779 851 822 messis
879 778 926 821 in
953 778 1057 836 ipsis
1086 778 1231 821 herbis
1253 777 1402 820 extin-

101 855 237 899 guere
252 840 456 883 nituntur
472 844 516 880 et
530 836 757 880 suffocare.
812 836 863 878 In
894 835 989 892 ipso
1012 850 1121 877 vero
1142 834 1228 876 hoc
1249 833 1402 877 Pollu-

103 900 164 943 cis
189 896 388 952 negotio,
416 909 520 937 cum
547 907 599 937 ea
623 891 679 935 de
705 906 755 935 re
775 891 828 935 ad
850 891 995 935 virum
1015 891 1233 948 optimum
1254 889 1403 932 refer-

103 969 217 1004 rem,
245 954 307 996 ita
325 966 372 994 se
389 949 560 994 facilem
581 948 785 1007 praebuit
800 955 844 990 et
874 948 1180 998 commodum,
1210 956 1262 989 ut
1284 946 1403 988 nulla

102 1009 215 1055 mihi
235 1010 284 1052 in
299 1022 349 1051 rc
369 1006 460 1051 suis
479 1005 633 1063 opibus
654 1003 909 1047 defuturum
933 1019 1022 1047 esse
1049 1004 1284 1060 reciperet:
1315 1017 1404 1056 qua

103 1065 380 1126 potissimum
408 1061 696 1121 promissione
726 1075 906 1104 omnem
947 1060 1057 1103 mihi
1086 1060 1217 1102 huius
1244 1072 1404 1117 operae

94 1119 412 1180 ‘suscipiendae
441 1118 757 1161 dubitationem
781 1117 851 1159 vir
870 1116 1089 1159 maximus
1107 1116 1296 1159 exemit:
1326 1113 1403 1155 sed

106 1185 244 1221 totam
284 1191 407 1231 spem
439 1182 663 1227 nostram,
709 1181 752 1215 et
779 1172 902 1216 istius
928 1172 1206 1230 benignitatis
1236 1171 1405 1214 fructus

106 1233 349 1290 intercepit
372 1231 624 1288 importuna
651 1238 696 1273 et
722 1228 968 1272 tristissima
1001 1230 1087 1272 viri
1119 1244 1262 1278 mors,
1293 1241 1406 1284 quae

107 1291 192 1334 hoc
221 1287 479 1347 profundius
509 1287 563 1329 ad
594 1286 748 1329 vivum
778 1285 974 1329 animum
1003 1301 1153 1328 meum
1174 1283 1404 1351 percussit,

140 1361 197 1388 uo
228 1344 367 1402 magis
404 1343 633 1386 ardentem
670 1341 737 1385 sui
774 1357 970 1385 amorem
1003 1351 1046 1385 et
1070 1340 1407 1385 admirationem

108 1361 293 1448 &naevii
322 1399 626 1442 benevolentia
649 1398 761 1441 mihi
782 1397 1011 1441 infixerat:
1057 1397 1260 1440 omnibus
1291 1404 1408 1438 certe

109 1457 237 1500 bonis
265 1457 381 1500 hanc
409 1454 615 1498 accidisse
639 1454 991 1506 acerbissimam,
1027 1463 1070 1497 et
1097 1454 1152 1496 de
1177 1454 1408 1496 Musarum

110 1512 263 1579 pretio
283 1519 412 1567 atque
439 1511 609 1553 honore
635 1511 848 1564 grandem
884 1510 1150 1556 destruxisse
1179 1509 1409 1550 cumulum

112 1583 210 1628 ipsa
238 1565 390 1613 rerum
418 1565 663 1608 testimonia
692 1566 901 1608 clamant:
931 1564 986 1608 de
1015 1565 1098 1608 hoc
1124 1573 1272 1608 autem
1294 1564 1407 1615 viro,

114 1624 191 1682 qui
226 1622 420 1667 formam
453 1622 769 1664 humaniorum
806 1621 1033 1664 literarum
1063 1629 1108 1664 et
1135 1619 1296 1676 ingenii
1327 1635 1410 1662 ex-

114 1679 219 1723 culti
250 1678 301 1721 in
331 1677 420 1721 suis
453 1677 648 1720 moribus
675 1685 975 1733 expresserat,
1006 1676 1215 1733 quicquid
1243 1676 1411 1726 dixero,

113 1750 204 1780 nou
237 1741 410 1776 tantum
437 1733 556 1776 infra
581 1734 760 1776 meritas
787 1732 877 1776 eius
903 1733 1057 1775 laudes
1084 1733 1304 1784 consistet,
1333 1731 1411 1774 sed

114 1790 338 1834 aasetiam
352 1789 614 1832 infirmitatis
631 1798 806 1832 nostrae
819 1790 946 1854 culpa
957 1790 1197 1832 detereret:
1228 1797 1272 1831 at
1289 1789 1411 1830 enim

115 1847 336 1891 discedere
362 1853 556 1903 praestat
583 1861 610 1888 a
633 1845 908 1888 moestissimi
938 1861 1062 1888 casus
1085 1859 1424 1889 commemora-.

114 1903 262 1955 tione,
305 1917 388 1959 per
422 1917 552 1958 quam
584 1902 795 1958 temporis
823 1902 1087 1944 imminutus
1122 1901 1413 1944 diuturnitate

117 1961 242 2003 dolor
257 1957 481 2014 animique
503 1958 704 2002 molestia
731 1973 821 2000 non
852 1959 1127 2001 mediocriter
1155 1965 1411 2000 renovatur.

117 2015 383 2073 Quanquam
405 2014 539 2070 igitur
556 2013 661 2057 satis
677 2014 988 2071 perspicerem.
1012 2015 1067 2058 ad
1086 2030 1181 2057 rem
1198 2029 1269 2056 me
1284 2028 1413 2070 pror·
1424 2013 1478 2057 25

119 2086 193 2115 sus
225 2070 375 2127 magni
398 2069 534 2113 animi
565 2079 610 2113 et
642 2069 788 2128 operis
819 2070 1023 2127 adgredi,
1061 2070 1236 2113 decrevi
1263 2077 1414 2112 tamen

118 2126 374 2183 morigerari
397 2126 587 2169 consiliis
607 2127 851 2169 amicorum
865 2158 878 2179 ‚
908 2127 961 2168 ad
984 2141 1222 2182 eorumque
1239 2141 1310 2168 me
1332 2141 1414 2168 vo-

117 2184 330 2228 luntatem
353 2182 708 2226 accommodare:
736 2182 846 2224 illud
877 2184 993 2225 enim
1022 2182 1245 2239 reputanti
1274 2183 1415 2224 multo

121 2238 355 2282 consultius
380 2237 635 2286 videbatur,
666 2246 708 2280 et
731 2238 994 2280 laudabilius
1021 2240 1152 2282 etiam
1170 2269 1186 2288 ‚
1212 2253 1344 2294 quam
1367 2239 1416 2280 in

121 2293 381 2338 conscientia
398 2295 605 2352 propriae
627 2294 845 2337 tenuitatis
864 2294 1144 2347 obstinatum,
1169 2309 1323 2336 omnes
1342 2293 1417 2336 in-

122 2350 237 2406 genii
254 2351 352 2393 ‚mei
381 2366 457 2392 seu
491 2350 741 2406 diligentiae
772 2350 918 2406 potius
949 2350 1130 2394 effectus
1158 2350 1414 2408 desperare:

123 2406 185 2448 sic
212 2405 347 2461 igitur
380 2406 597 2448 animatus
627 2406 798 2449 Polluci
827 2421 984 2448 manus
1021 2406 1228 2451 admovi:
1272 2420 1418 2462 neque

125 2461 245 2504 enim
264 2461 325 2504 ita
345 2475 614 2516 quemquam
634 2477 781 2505 secum
811 2461 1002 2517 cogitare
1030 2463 1189 2515 velim,
1217 2478 1289 2506 me
1317 2471 1420 2505 tan-

126 2523 219 2560 tem
251 2516 360 2560 mihi
385 2519 588 2561 sumsisse
611 2518 932 2573 arrogantiam,
962 2527 1012 2561 ut
1036 2519 1222 2576 quadam
1254 2518 1421 2561 virium

126 2587 327 2631 mearum
347 2572 506 2618 fiducia
524 2574 666 2618 fretus
687 2574 743 2617 ad
760 2574 847 2618 hoc
869 2574 956 2618 iter
974 2575 1204 2632 spinosum
1225 2573 1426 2631 ingrede*
