1664 2950
581 122 1022 178 PRAEFATtO.
1394 132 1449 184 8,ss

149 248 203 294 ,et
217 239 272 283 ad
293 236 590 282 maturitatem
613 235 815 300 perduxi,
844 243 887 279 et
910 236 958 280 in
977 231 1066 295 quo
1099 235 1300 283 tirocinia
1322 252 1447 283 meae

147 295 468 353 ‚qualiscunque
483 294 708 336 doctrinae
726 291 904 350 deposui
922 308 1012 336 non
1031 293 1126 338 sine
1143 295 1334 338 secundo
1364 295 1446 338 ho-

153 353 324 396 minum
354 350 624 393 eruditorum
649 348 822 391 favore:
841 348 921 403 ‘sed
952 363 1055 392 eum
1082 365 1206 406 rogo,
1234 359 1283 393 ut
1301 366 1443 408 aequo

152 406 303 451 iudicii
329 405 535 449 examine
558 405 666 447 haec
694 420 792 448 mea
819 404 1065 463 ponderare
1080 420 1137 449 ne
1154 406 1443 464 dedignetur:

152 463 314 520 reipsa
334 462 590 519 comperiet,
620 460 684 503 uti
711 476 864 519 spero,
899 476 972 504 me
997 476 1089 504 non
1118 469 1291 505 tantum
1318 462 1445 520 inge-

153 519 231 563 nio
255 527 334 562 aut
363 518 505 560 amori
532 516 758 567 serviisse,
785 524 999 573 quantum
1035 516 1219 561 veritati.
1276 518 1343 562 Eo
1369 534 1442 563 me

152 574 242 619 iam
261 573 512 632 pervenisse
539 572 691 624 sentio,
721 579 771 615 ut
787 587 948 630 operae
974 575 1099 615 meae
1126 580 1170 615 et
1186 573 1442 628 industriae,

152 645 287 688 quam
306 628 471 674 Polluci
488 628 697 686 praestiti,
724 627 836 670 ratio
857 627 913 670 sit
937 627 1181 679 reddenda3
1211 630 1328 686 quod
1356 629 1442 673 hoc

152 683 352 730 alacriori
377 685 523 728 animo
547 699 645 726 sum
676 684 894 734 facturus,
910 683 1011 739 'quo
1040 684 1198 727 maiori
1222 678 1442 741 diligentia

151 757 228 787 me
250 741 298 785 in
322 740 408 784 hoc
435 755 569 798 opere
603 747 824 782 versatum
856 754 949 781 esse
972 739 1082 782 mihi
1107 755 1206 783 sum
1232 742 1440 786 conscius.

151 798 205 843 Id
234 797 344 840 mihi
370 796 563 855 primum
591 793 751 852 negotii
783 796 933 837 datum
961 795 1121 838 credidi
1131 827 1143 846 ‚
1175 803 1226 838 ut
1255 806 1442 841 contex-

153 862 274 904 tum,
307 867 439 908 quem
457 858 639 903 vocant,
667 850 855 893 Pollucis
878 849 999 893 omni
1020 851 1152 894 modo
1178 854 1440 911 expolirem,

151 918 198 965 et
215 909 270 952 ab
290 908 380 953 istis
398 908 580 958 mendis,
608 906 766 963 quibus
796 913 888 949 erat
915 906 1305 964 deturpatissimus,
1332 925 1440 966 per-

150 978 409 1024 purgarem:
447 962 627 1006 adhibui
656 977 763 1006 vero
791 961 1023 1018 diligenter
1051 962 1288 1007 editionem
1310 967 1440 1008 Ono-

151 1018 485 1076 masticographi
510 1019 818 1071 Basiteensem,
856 1019 910 1060 ad
938 1017 1060 1061 cuius
1090 1019 1328 1076 marginem
1357 1022 1439 1063 ad-

149 1077 386 1133 scripscrat
411 1074 724 1117 eruditissimus
750 1073 1004 1122 Kuehnius,
1048 1090 1160 1130 quae
1186 1091 1244 1118 ex
1272 1076 1438 1120 MSStis

149 1133 199 1177 in
220 1131 361 1191 ipsum
381 1130 605 1174 Pollucem
631 1130 899 1172 restituenda
918 1129 1144 1173 iudicavit:
1176 1140 1220 1174 et
1241 1134 1439 1175 nonnulli

149 1202 255 1231 sane
277 1186 401 1231 nobis
425 1185 598 1229 utilitati
616 1185 699 1228 fuit
716 1185 789 1228 hic
807 1186 891 1229 viri
924 1186 1161 1229 doctissimi
1183 1187 1330 1231 labem
1360 1188 1438 1231 sed

182 1252 300 1287 ostea
319 1257 449 1299 quam
471 1250 619 1284 tamen
639 1242 907 1298 aliquantum
929 1243 1140 1306 temporis
1170 1251 1212 1286 et
1233 1259 1365 1287 curae
1391 1244 1439 1287 in

146 1260 325 1344 {oum-,e
344 1299 649 1346 contriveram,
671 1297 898 1354 explorare
916 1313 1038 1356 coepi
1058 1314 1144 1342 non
1193 1301 1292 1343 aulo
1309 1301 1438 1357 plura

150 1363 195 1398 et
213 1353 396 1398 meliora
417 1353 461 1395 in
483 1353 929 1411 Onomasticographo
950 1369 1073 1410 posse
1096 1371 1145 1397 re
1161 1354 1231 1408 ici,
1263 1357 1299 1399 si
1327 1371 1438 1413 ope-

149 1426 248 1455 ram
305 1409 419 1452 otius
440 1409 706 1458 ‚MSStorum
739 1424 1024 1466 usurparem,
1065 1425 1196 1466 quam
1221 1413 1436 1455 emenda-

149 1475 244 1515 tam
314 1465 462 1508 uehnii
489 1464 751 1520 marginem:
789 1465 903 1507 hanc
922 1464 1055 1520 igitur
1075 1466 1265 1522 priorem
1285 1468 1438 1509 Pollu-

151 1521 213 1564 cia
243 1520 513 1564 emaculandi
544 1535 745 1562 normam
779 1520 958 1562 missam
983 1519 1087 1571 feci,
1117 1529 1160 1562 et
1179 1523 1294 1564 solos
1311 1530 1438 1579 post-

151 1576 334 1621 modum
364 1575 544 1619 MSStos
570 1575 768 1632 respexi.-
795 1575 863 1617 his
881 1574 996 1616 enim
1015 1577 1210 1619 animum
1231 1578 1439 1621 adverte-

149 1633 253 1676 bam
284 1630 423 1675 nullos
451 1631 637 1688 reperiri
665 1645 790 1687 posse
827 1630 1043 1673 fideliores
1076 1632 1123 1673 in
1160 1632 1246 1675 hoc
1280 1633 1435 1676 itinere

149 1688 411 1754 permolesto
441 1686 592 1728 duces:
639 1701 740 1729 cum
768 1701 897 1736 vero,
942 1685 979 1727 si
1005 1686 1105 1742 quid
1134 1702 1159 1730 e
1191 1689 1359 1732 MSStis
1387 1690 1436 1733 in
1451 1693 1507 1735 42

151 1759 272 1802 ipsos
305 1751 500 1786 auctores
527 1742 720 1794 reducas,
747 1757 859 1799 opus
882 1741 938 1784 sit
956 1749 1050 1784 tum
1070 1742 1242 1799 ingenio
1262 1754 1304 1787 et
1322 1745 1440 1788 iudi-

149 1798 278 1849 candi
305 1798 491 1856 quadam
519 1797 702 1849 fiducia,
742 1805 835 1840 tum
867 1797 997 1839 etiarn
1018 1806 1220 1841 accurata
1238 1800 1439 1846 lectionis

148 1855 377 1919 utriusque
400 1854 746 1951 comparatione.
774 1853 834 1895 ita
865 1853 990 1895 nobis
1016 1868 1098 1896 usu
1119 1855 1254 1903 venit,
1282 1864 1440 1901 utnon

148 1911 392 1968 saepissime
421 1909 470 1952 in
530 1925 579 1952 ac
608 1925 657 1951 re
688 1909 821 1953 suerit
851 1909 1189 1953 elaborandum:
1239 1927 1289 1954 ea
1318 1913 1439 1956 enim

149 1967 346 2011 codicum
365 1973 615 2008 nostrorum
634 1974 696 2008 est
715 1964 992 2023 praestantia,
1022 1971 1066 2007 et
1092 1981 1182 2008 non
1203 1966 1336 2018 fallax
1355 1984 1440 2011 au—

149 2023 339 2074 ctoritas,
367 2029 416 2064 ut
434 2021 592 2064 horum
609 2021 838 2064 lectionem
860 2030 903 2062 et
920 2028 1110 2064 veterem
1140 2025 1440 2080 corruptelam

149 2077 438 2122 consideranti
460 2091 637 2120 omnem
659 2077 844 2134 eligendi
865 2075 993 2118 facite
1018 2076 1334 2122 dubitationem
1354 2080 1441 2124 exi-

149 2142 344 2184 merent:
383 2149 439 2176 ne
466 2133 562 2188 quis
593 2143 739 2176 tamen
764 2133 823 2175 ita
853 2146 1002 2175 secum
1039 2132 1280 2186 existimet,
1317 2136 1439 2179 nullo

151 2189 275 2234 nobis
303 2197 378 2232 aut
407 2203 545 2246 parvo
574 2188 725 2232 labore
752 2188 867 2231 hanc
887 2202 982 2230 rem
1002 2188 1264 2231 constitisse:
1292 2190 1442 2247 ipsum

151 2246 270 2290 enim
294 2245 401 2288 illud
422 2242 682 2288 MSStorum
705 2244 912 2287 lectiones
930 2244 1131 2300 colligere
1148 2252 1189 2286 et
1206 2260 1286 2287 suo
1307 2261 1442 2302 quas-

185 2317 238 2344 ue
272 2301 369 2344 loco
404 2308 557 2343 notare
587 2299 975 2343 laboriosissimum
1003 2299 1105 2350 fuit,
1152 2302 1270 2354 quod
1306 2318 1439 2345 nemo

152 2317 270 2400 fforte
296 2355 404 2399 mihi
433 2355 668 2399 affirmanti
692 2356 905 2406 accredat‚
934 2353 1015 2396 nisi
1037 2354 1111 2398 tali
1130 2354 1281 2409 itidem
1302 2373 1442 2413 nego-

151 2413 214 2457 tio
239 2411 373 2455 fuerit
395 2411 641 2468 implicitus.
697 2411 782 2456 Sed
847 2418 1041 2454 raeterea
1071 2425 1152 2467 per
1176 2419 1317 2455 totum
1343 2414 1442 2456 Pol-

151 2466 260 2512 lucis
277 2466 585 2511 Onomasticon
603 2466 708 2509 nodi
722 2467 798 2510 vin
830 2466 892 2507 ice
908 2465 1025 2522 digni
1044 2465 1224 2510 fuerunt
1240 2468 1437 2525 disparsi,

147 2523 197 2567 in
250 2523 373 2567 uibus
394 2523 513 2581 ipsae
529 2522 788 2575 MSStorum
812 2522 1014 2571 lectiones
1032 2522 1184 2565 multis
1202 2532 1326 2566 erant
1347 2523 1438 2565 dif-

148 2538 410 2639 ficifltatibus
438 2577 691 2638 impeditaez
726 2578 775 2624 in
804 2593 857 2622 eo
885 2592 1039 2622 rerum
1064 2578 1266 2681 a}u'2‹:ulo‚
1294 2593 1436 2636 neque
