<?xml version="1.0" encoding="UTF-8"?>
<!DOCTYPE html PUBLIC "-//W3C//DTD XHTML 1.0 Transitional//EN"
    "http://www.w3.org/TR/xhtml1/DTD/xhtml1-transitional.dtd">
<html xmlns="http://www.w3.org/1999/xhtml" xml:lang="en" lang="en">
 <head>
  <title>
</title>
<meta http-equiv="Content-Type" content="text/html;charset=utf-8" />
  <meta name='ocr-system' content='tesseract 3.04.00' />
  <meta name='ocr-capabilities' content='ocr_page ocr_carea ocr_par ocr_line ocrx_word'/>
</head>
<body>
  <div class='ocr_page' id='page_1' title='image "./onomasticon01polluoft/onomasticon01polluoft_0097.png"; bbox 0 0 1664 2950; ppageno 0'>
   <div class='ocr_carea' id='block_1_1' title="bbox 0 1960 56 2950">
    <p class='ocr_par' dir='ltr' id='par_1_1' title="bbox 0 1960 56 2950">
     <span class='ocr_line' id='line_1_1' title="bbox 0 1960 56 2950; baseline 0 0"><span class='ocrx_word' id='word_1_1' title='bbox 0 1960 56 2950; x_wconf 95' lang='lat' dir='ltr'> </span> 
     </span>
    </p>
   </div>
   <div class='ocr_carea' id='block_1_2' title="bbox 0 761 19 868">
    <p class='ocr_par' dir='ltr' id='par_1_2' title="bbox 0 761 19 868">
     <span class='ocr_line' id='line_1_2' title="bbox 0 761 19 868; baseline 0 0"><span class='ocrx_word' id='word_1_2' title='bbox 0 761 19 868; x_wconf 68' lang='grc' dir='ltr'>ῖς</span> 
     </span>
    </p>
   </div>
   <div class='ocr_carea' id='block_1_3' title="bbox 532 141 1402 188">
    <p class='ocr_par' dir='ltr' id='par_1_3' title="bbox 532 141 1402 188">
     <span class='ocr_line' id='line_1_3' title="bbox 532 141 1402 188; baseline 0 -2"><span class='ocrx_word' id='word_1_3' title='bbox 532 141 968 186; x_wconf 74' lang='lat' dir='ltr'>PRAEFATIO.</span> <span class='ocrx_word' id='word_1_4' title='bbox 1350 146 1402 188; x_wconf 79' lang='lat'>91</span> 
     </span>
    </p>
   </div>
   <div class='ocr_carea' id='block_1_4' title="bbox 105 253 1426 2658">
    <p class='ocr_par' dir='ltr' id='par_1_4' title="bbox 105 253 1426 2658">
     <span class='ocr_line' id='line_1_4' title="bbox 106 253 1404 314; baseline -0.005 -12"><span class='ocrx_word' id='word_1_5' title='bbox 106 258 226 302; x_wconf 84' lang='lat' dir='ltr'>enim</span> <span class='ocrx_word' id='word_1_6' title='bbox 269 255 318 301; x_wconf 83' lang='lat' dir='ltr'>hi</span> <span class='ocrx_word' id='word_1_7' title='bbox 364 255 577 313; x_wconf 81' lang='lat' dir='ltr'>temporis</span> <span class='ocrx_word' id='word_1_8' title='bbox 620 253 851 314; x_wconf 77' lang='lat' dir='ltr'>operisque</span> <span class='ocrx_word' id='word_1_9' title='bbox 894 265 1127 312; x_wconf 87' lang='lat' dir='ltr'>progressu</span> <span class='ocrx_word' id='word_1_10' title='bbox 1173 267 1264 296; x_wconf 83' lang='lat' dir='ltr'>non</span> <span class='ocrx_word' id='word_1_11' title='bbox 1300 267 1404 296; x_wconf 84' lang='lat' dir='ltr'>raro</span> 
     </span>
     <span class='ocr_line' id='line_1_5' title="bbox 105 311 1403 370; baseline -0.005 -12"><span class='ocrx_word' id='word_1_12' title='bbox 105 321 275 359; x_wconf 78' lang='lat' dir='ltr'>sumtus</span> <span class='ocrx_word' id='word_1_13' title='bbox 315 313 446 370; x_wconf 86' lang='lat' dir='ltr'>longe</span> <span class='ocrx_word' id='word_1_14' title='bbox 484 312 676 354; x_wconf 88' lang='lat' dir='ltr'>maiores</span> <span class='ocrx_word' id='word_1_15' title='bbox 707 311 937 354; x_wconf 76' lang='lat' dir='ltr'>insumere</span> <span class='ocrx_word' id='word_1_16' title='bbox 972 317 1224 367; x_wconf 84' lang='lat' dir='ltr'>coguntur,</span> <span class='ocrx_word' id='word_1_17' title='bbox 1269 324 1403 365; x_wconf 90' lang='lat' dir='ltr'>quam</span> 
     </span>
     <span class='ocr_line' id='line_1_6' title="bbox 108 365 1404 425; baseline -0.005 -12"><span class='ocrx_word' id='word_1_18' title='bbox 108 378 235 413; x_wconf 84' lang='lat' dir='ltr'>antea</span> <span class='ocrx_word' id='word_1_19' title='bbox 290 376 488 412; x_wconf 72' lang='lat' dir='ltr'>utu-ant:</span> <span class='ocrx_word' id='word_1_20' title='bbox 518 368 580 410; x_wconf 91' lang='lat' dir='ltr'>sic</span> <span class='ocrx_word' id='word_1_21' title='bbox 602 368 699 425; x_wconf 81' lang='lat' dir='ltr'>ipso</span> <span class='ocrx_word' id='word_1_22' title='bbox 727 368 838 410; x_wconf 88' lang='lat' dir='ltr'>mihi</span> <span class='ocrx_word' id='word_1_23' title='bbox 861 382 914 408; x_wconf 89' lang='lat' dir='ltr'>eo</span> <span class='ocrx_word' id='word_1_24' title='bbox 929 366 1027 424; x_wconf 91' lang='lat' dir='ltr'>plus</span> <span class='ocrx_word' id='word_1_25' title='bbox 1053 366 1214 409; x_wconf 83' lang='lat' dir='ltr'>laboris</span> <span class='ocrx_word' id='word_1_26' title='bbox 1239 365 1404 423; x_wconf 85' lang='lat' dir='ltr'>depre-</span> 
     </span>
     <span class='ocr_line' id='line_1_7' title="bbox 107 422 1403 483; baseline -0.005 -13"><span class='ocrx_word' id='word_1_27' title='bbox 107 426 251 470; x_wconf 81' lang='lat' dir='ltr'>hende</span> <span class='ocrx_word' id='word_1_28' title='bbox 282 439 355 468; x_wconf 86' lang='lat' dir='ltr'>am</span> <span class='ocrx_word' id='word_1_29' title='bbox 389 424 742 483; x_wconf 86' lang='lat' dir='ltr'>suscipiendum,</span> <span class='ocrx_word' id='word_1_30' title='bbox 784 438 872 480; x_wconf 90' lang='lat' dir='ltr'>quo</span> <span class='ocrx_word' id='word_1_31' title='bbox 910 422 1087 478; x_wconf 84' lang='lat' dir='ltr'>longius</span> <span class='ocrx_word' id='word_1_32' title='bbox 1123 430 1214 465; x_wconf 80' lang='lat' dir='ltr'>tam</span> <span class='ocrx_word' id='word_1_33' title='bbox 1252 429 1403 464; x_wconf 79' lang='lat' dir='ltr'>textus</span> 
     </span>
     <span class='ocr_line' id='line_1_8' title="bbox 107 477 1406 538; baseline -0.005 -12"><span class='ocrx_word' id='word_1_34' title='bbox 107 481 269 526; x_wconf 86' lang='lat' dir='ltr'>Graeci</span> <span class='ocrx_word' id='word_1_35' title='bbox 294 481 587 538; x_wconf 80' lang='lat' dir='ltr'>exemplaria,</span> <span class='ocrx_word' id='word_1_36' title='bbox 632 494 764 536; x_wconf 85' lang='lat' dir='ltr'>quam</span> <span class='ocrx_word' id='word_1_37' title='bbox 794 478 1038 522; x_wconf 73' lang='lat' dir='ltr'><strong>versionem</strong></span> <span class='ocrx_word' id='word_1_38' title='bbox 1067 485 1111 520; x_wconf 88' lang='lat' dir='ltr'>et</span> <span class='ocrx_word' id='word_1_39' title='bbox 1132 477 1300 520; x_wconf 88' lang='lat' dir='ltr'>indices</span> <span class='ocrx_word' id='word_1_40' title='bbox 1329 477 1406 520; x_wconf 89' lang='lat' dir='ltr'>in-</span> 
     </span>
     <span class='ocr_line' id='line_1_9' title="bbox 106 533 1404 597; baseline -0.005 -15"><span class='ocrx_word' id='word_1_41' title='bbox 106 538 340 597; x_wconf 77' lang='lat' dir='ltr'>spicerem:</span> <span class='ocrx_word' id='word_1_42' title='bbox 369 537 501 580; x_wconf 89' lang='lat' dir='ltr'>modo</span> <span class='ocrx_word' id='word_1_43' title='bbox 549 536 868 592; x_wconf 86' lang='lat' dir='ltr'>ualemqualem</span> <span class='ocrx_word' id='word_1_44' title='bbox 889 549 916 576; x_wconf 86' lang='lat' dir='ltr'>a</span> <span class='ocrx_word' id='word_1_45' title='bbox 931 534 1042 576; x_wconf 85' lang='lat' dir='ltr'>viris</span> <span class='ocrx_word' id='word_1_46' title='bbox 1061 534 1200 577; x_wconf 84' lang='lat' dir='ltr'>doctis</span> <span class='ocrx_word' id='word_1_47' title='bbox 1218 533 1404 591; x_wconf 85' lang='lat' dir='ltr'>gratiam</span> 
     </span>
     <span class='ocr_line' id='line_1_10' title="bbox 106 588 1404 646; baseline -0.005 -9"><span class='ocrx_word' id='word_1_48' title='bbox 106 592 223 638; x_wconf 89' lang='lat' dir='ltr'>inire</span> <span class='ocrx_word' id='word_1_49' title='bbox 258 594 434 637; x_wconf 78' lang='lat' dir='ltr'>vellem.</span> <span class='ocrx_word' id='word_1_50' title='bbox 549 601 676 635; x_wconf 87' lang='lat' dir='ltr'>extus</span> <span class='ocrx_word' id='word_1_51' title='bbox 707 593 828 635; x_wconf 88' lang='lat' dir='ltr'>enim</span> <span class='ocrx_word' id='word_1_52' title='bbox 866 589 1065 633; x_wconf 86' lang='lat' dir='ltr'>Graecus</span> <span class='ocrx_word' id='word_1_53' title='bbox 1101 605 1232 641; x_wconf 83' lang='lat' dir='ltr'>vere,</span> <span class='ocrx_word' id='word_1_54' title='bbox 1282 588 1404 646; x_wconf 84' lang='lat' dir='ltr'>quod</span> 
     </span>
     <span class='ocr_line' id='line_1_11' title="bbox 107 644 1406 707; baseline -0.005 -14"><span class='ocrx_word' id='word_1_55' title='bbox 107 650 267 695; x_wconf 81' lang='lat' dir='ltr'>Paulus</span> <span class='ocrx_word' id='word_1_56' title='bbox 302 649 559 707; x_wconf 87' lang='lat' dir='ltr'>Leopardus</span> <span class='ocrx_word' id='word_1_57' title='bbox 594 648 667 692; x_wconf 88' lang='lat' dir='ltr'>lib.</span> <span class='ocrx_word' id='word_1_58' title='bbox 701 649 756 692; x_wconf 90' lang='lat'>11.</span> <span class='ocrx_word' id='word_1_59' title='bbox 799 647 988 689; x_wconf 87' lang='lat' dir='ltr'>Emend.</span> <span class='ocrx_word' id='word_1_60' title='bbox 1028 660 1124 701; x_wconf 85' lang='lat' dir='ltr'>cap.</span> <span class='ocrx_word' id='word_1_61' title='bbox 1162 652 1203 692; x_wconf 89' lang='lat'>8.</span> <span class='ocrx_word' id='word_1_62' title='bbox 1240 644 1406 696; x_wconf 80' lang='lat' dir='ltr'>scribit,</span> 
     </span>
     <span class='ocr_line' id='line_1_12' title="bbox 108 700 1406 766; baseline -0.007 -16"><span class='ocrx_word' id='word_1_63' title='bbox 108 705 311 766; x_wconf 79' lang='lat' dir='ltr'>indignis</span> <span class='ocrx_word' id='word_1_64' title='bbox 346 704 628 762; x_wconf 78' lang='lat' dir='ltr'>deformatus</span> <span class='ocrx_word' id='word_1_65' title='bbox 664 700 839 746; x_wconf 71' lang='lat' dir='ltr'>mendis</span> <span class='ocrx_word' id='word_1_66' title='bbox 866 700 1126 760; x_wconf 77' lang='lat' dir='ltr'>apparebat:</span> <span class='ocrx_word' id='word_1_67' title='bbox 1163 701 1303 743; x_wconf 87' lang='lat' dir='ltr'>tribus</span> <span class='ocrx_word' id='word_1_68' title='bbox 1331 701 1406 743; x_wconf 88' lang='lat' dir='ltr'>in-</span> 
     </span>
     <span class='ocr_line' id='line_1_13' title="bbox 110 755 1406 816; baseline -0.005 -11"><span class='ocrx_word' id='word_1_69' title='bbox 110 771 233 805; x_wconf 75' lang='lat' dir='ltr'>terea</span> <span class='ocrx_word' id='word_1_70' title='bbox 261 762 537 804; x_wconf 82' lang='lat' dir='ltr'>diversarum</span> <span class='ocrx_word' id='word_1_71' title='bbox 565 760 805 803; x_wconf 81' lang='lat' dir='ltr'>editionum</span> <span class='ocrx_word' id='word_1_72' title='bbox 833 757 1158 816; x_wconf 73' lang='lat' dir='ltr'>exemplaribus</span> <span class='ocrx_word' id='word_1_73' title='bbox 1185 756 1294 800; x_wconf 87' lang='lat' dir='ltr'>adeo</span> <span class='ocrx_word' id='word_1_74' title='bbox 1321 755 1406 799; x_wconf 84' lang='lat' dir='ltr'>sibi</span> 
     </span>
     <span class='ocr_line' id='line_1_14' title="bbox 106 814 1406 874; baseline -0.006 -12"><span class='ocrx_word' id='word_1_75' title='bbox 106 818 297 862; x_wconf 82' lang='lat' dir='ltr'>invicem</span> <span class='ocrx_word' id='word_1_76' title='bbox 327 816 563 869; x_wconf 78' lang='lat' dir='ltr'>similibus,</span> <span class='ocrx_word' id='word_1_77' title='bbox 591 823 642 858; x_wconf 89' lang='lat' dir='ltr'>ut</span> <span class='ocrx_word' id='word_1_78' title='bbox 669 815 731 872; x_wconf 89' lang='lat' dir='ltr'>(si</span> <span class='ocrx_word' id='word_1_79' title='bbox 761 829 900 874; x_wconf 86' lang='lat' dir='ltr'>pauca</span> <span class='ocrx_word' id='word_1_80' title='bbox 960 814 1144 857; x_wconf 78' lang='lat' dir='ltr'>uaedam</span> <span class='ocrx_word' id='word_1_81' title='bbox 1170 827 1309 868; x_wconf 84' lang='lat' dir='ltr'>eaque</span> <span class='ocrx_word' id='word_1_82' title='bbox 1340 814 1406 855; x_wconf 89' lang='lat' dir='ltr'>le-</span> 
     </span>
     <span class='ocr_line' id='line_1_15' title="bbox 107 870 1408 931; baseline -0.005 -15"><span class='ocrx_word' id='word_1_83' title='bbox 107 874 185 917; x_wconf 77' lang='lat' dir='ltr'>via</span> <span class='ocrx_word' id='word_1_84' title='bbox 213 881 360 916; x_wconf 85' lang='lat' dir='ltr'>errata</span> <span class='ocrx_word' id='word_1_85' title='bbox 390 872 701 931; x_wconf 80' lang='lat' dir='ltr'>typographica</span> <span class='ocrx_word' id='word_1_86' title='bbox 722 870 936 927; x_wconf 83' lang='lat' dir='ltr'>excipiam</span> <span class='ocrx_word' id='word_1_87' title='bbox 994 885 1085 913; x_wconf 88' lang='lat' dir='ltr'>uuo</span> <span class='ocrx_word' id='word_1_88' title='bbox 1115 870 1300 926; x_wconf 84' lang='lat' dir='ltr'>cognito,</span> <span class='ocrx_word' id='word_1_89' title='bbox 1330 883 1408 910; x_wconf 90' lang='lat' dir='ltr'>ce-</span> 
     </span>
     <span class='ocr_line' id='line_1_16' title="bbox 112 925 1406 1028; baseline -0.005 -55"><span class='ocrx_word' id='word_1_90' title='bbox 112 938 206 973; x_wconf 80' lang='lat' dir='ltr'>tera</span> <span class='ocrx_word' id='word_1_91' title='bbox 240 943 417 1028; x_wconf 58' lang='lat' dir='ltr'><strong>q⁰03⁰0</strong></span> <span class='ocrx_word' id='word_1_92' title='bbox 446 943 607 972; x_wconf 87' lang='lat' dir='ltr'>nosses.</span> <span class='ocrx_word' id='word_1_93' title='bbox 673 929 970 986; x_wconf 86' lang='lat' dir='ltr'>Interpretem</span> <span class='ocrx_word' id='word_1_94' title='bbox 1006 925 1142 968; x_wconf 90' lang='lat' dir='ltr'>nolim</span> <span class='ocrx_word' id='word_1_95' title='bbox 1178 926 1406 981; x_wconf 81' lang='lat' dir='ltr'>sugillare3</span> 
     </span>
     <span class='ocr_line' id='line_1_17' title="bbox 110 981 1408 1039; baseline -0.006 -10"><span class='ocrx_word' id='word_1_96' title='bbox 110 986 286 1029; x_wconf 75' lang='lat' dir='ltr'>iuvenis</span> <span class='ocrx_word' id='word_1_97' title='bbox 308 1000 333 1028; x_wconf 84' lang='lat' dir='ltr'>a</span> <span class='ocrx_word' id='word_1_98' title='bbox 367 985 547 1027; x_wconf 88' lang='lat' dir='ltr'>modum</span> <span class='ocrx_word' id='word_1_99' title='bbox 576 983 674 1036; x_wconf 82' lang='lat' dir='ltr'>fuit,</span> <span class='ocrx_word' id='word_1_100' title='bbox 702 998 806 1027; x_wconf 87' lang='lat' dir='ltr'>cum</span> <span class='ocrx_word' id='word_1_101' title='bbox 829 982 935 1025; x_wconf 89' lang='lat' dir='ltr'>huic</span> <span class='ocrx_word' id='word_1_102' title='bbox 955 981 1096 1025; x_wconf 84' lang='lat' dir='ltr'>labori</span> <span class='ocrx_word' id='word_1_103' title='bbox 1116 996 1296 1039; x_wconf 87' lang='lat' dir='ltr'>operam</span> <span class='ocrx_word' id='word_1_104' title='bbox 1323 981 1408 1022; x_wconf 86' lang='lat' dir='ltr'>de·-</span> 
     </span>
     <span class='ocr_line' id='line_1_18' title="bbox 111 1036 1408 1099; baseline -0.005 -15"><span class='ocrx_word' id='word_1_105' title='bbox 111 1042 202 1094; x_wconf 83' lang='lat' dir='ltr'>dit3</span> <span class='ocrx_word' id='word_1_106' title='bbox 230 1056 311 1085; x_wconf 86' lang='lat' dir='ltr'>neo</span> <span class='ocrx_word' id='word_1_107' title='bbox 336 1041 484 1099; x_wconf 83' lang='lat' dir='ltr'>potuit</span> <span class='ocrx_word' id='word_1_108' title='bbox 511 1047 631 1084; x_wconf 88' lang='lat' dir='ltr'>recte</span> <span class='ocrx_word' id='word_1_109' title='bbox 664 1039 969 1098; x_wconf 78' lang='lat' dir='ltr'>interpretari,</span> <span class='ocrx_word' id='word_1_110' title='bbox 1007 1037 1123 1094; x_wconf 80' lang='lat' dir='ltr'>quod</span> <span class='ocrx_word' id='word_1_111' title='bbox 1153 1037 1290 1079; x_wconf 85' lang='lat' dir='ltr'>codex</span> <span class='ocrx_word' id='word_1_112' title='bbox 1322 1036 1408 1094; x_wconf 87' lang='lat' dir='ltr'>ipsi</span> 
     </span>
     <span class='ocr_line' id='line_1_19' title="bbox 111 1093 1407 1155; baseline -0.005 -14"><span class='ocrx_word' id='word_1_113' title='bbox 111 1098 307 1141; x_wconf 71' lang='lat' dir='ltr'>Graecu-</span> <span class='ocrx_word' id='word_1_114' title='bbox 328 1097 483 1140; x_wconf 73' lang='lat' dir='ltr'>vitioso</span> <span class='ocrx_word' id='word_1_115' title='bbox 501 1104 780 1155; x_wconf 81' lang='lat' dir='ltr'>proponeret.</span> <span class='ocrx_word' id='word_1_116' title='bbox 836 1094 923 1146; x_wconf 81' lang='lat' dir='ltr'>Sed</span> <span class='ocrx_word' id='word_1_117' title='bbox 947 1094 1118 1137; x_wconf 87' lang='lat' dir='ltr'>utinam</span> <span class='ocrx_word' id='word_1_118' title='bbox 1144 1108 1234 1135; x_wconf 88' lang='lat' dir='ltr'>non</span> <span class='ocrx_word' id='word_1_119' title='bbox 1261 1093 1407 1135; x_wconf 76' lang='lat' dir='ltr'>inter-</span> 
     </span>
     <span class='ocr_line' id='line_1_20' title="bbox 112 1149 1408 1210; baseline -0.005 -13"><span class='ocrx_word' id='word_1_120' title='bbox 112 1154 220 1197; x_wconf 86' lang='lat' dir='ltr'>dum</span> <span class='ocrx_word' id='word_1_121' title='bbox 254 1152 385 1196; x_wconf 87' lang='lat' dir='ltr'>etiam</span> <span class='ocrx_word' id='word_1_122' title='bbox 418 1167 531 1210; x_wconf 86' lang='lat' dir='ltr'>quae</span> <span class='ocrx_word' id='word_1_123' title='bbox 557 1152 728 1195; x_wconf 86' lang='lat' dir='ltr'>mendis</span> <span class='ocrx_word' id='word_1_124' title='bbox 753 1159 927 1203; x_wconf 84' lang='lat' dir='ltr'>carent,</span> <span class='ocrx_word' id='word_1_125' title='bbox 978 1150 1093 1193; x_wconf 85' lang='lat' dir='ltr'>male</span> <span class='ocrx_word' id='word_1_126' title='bbox 1121 1149 1408 1192; x_wconf 85' lang='lat' dir='ltr'>nihilominus</span> 
     </span>
     <span class='ocr_line' id='line_1_21' title="bbox 110 1205 1409 1265; baseline -0.005 -12"><span class='ocrx_word' id='word_1_127' title='bbox 110 1209 395 1260; x_wconf 77' lang='lat' dir='ltr'>reddidisset,</span> <span class='ocrx_word' id='word_1_128' title='bbox 421 1217 472 1251; x_wconf 88' lang='lat' dir='ltr'>ut</span> <span class='ocrx_word' id='word_1_129' title='bbox 492 1224 590 1252; x_wconf 89' lang='lat' dir='ltr'>cum</span> <span class='ocrx_word' id='word_1_130' title='bbox 619 1207 644 1253; x_wconf 87' lang='grc' dir='ltr'><strong><em>ὁ</em></strong></span> <span class='ocrx_word' id='word_1_131' title='bbox 663 1207 818 1265; x_wconf 80' lang='grc' dir='ltr'><strong><em>τρητὸς</em></strong></span> <span class='ocrx_word' id='word_1_132' title='bbox 834 1205 995 1260; x_wconf 80' lang='grc' dir='ltr'><strong>κόκκυξ</strong></span> <span class='ocrx_word' id='word_1_133' title='bbox 1011 1207 1215 1264; x_wconf 76' lang='lat' dir='ltr'>exponit,</span> <span class='ocrx_word' id='word_1_134' title='bbox 1246 1213 1409 1248; x_wconf 78' lang='lat' dir='ltr'>tertzus</span> 
     </span>
     <span class='ocr_line' id='line_1_22' title="bbox 112 1263 1411 1324; baseline -0.005 -14"><span class='ocrx_word' id='word_1_135' title='bbox 112 1278 301 1324; x_wconf 64' lang='lat' dir='ltr'>coccyx:</span> <span class='ocrx_word' id='word_1_136' title='bbox 337 1266 470 1320; x_wconf 66' lang='grc' dir='ltr'><strong><em>αἰγῶν</em></strong></span> <span class='ocrx_word' id='word_1_137' title='bbox 488 1264 633 1322; x_wconf 74' lang='grc' dir='ltr'><strong><em>χηλαὶ,</em></strong></span> <span class='ocrx_word' id='word_1_138' title='bbox 672 1279 917 1322; x_wconf 80' lang='lat' dir='ltr'>caprarum</span> <span class='ocrx_word' id='word_1_139' title='bbox 945 1263 1099 1306; x_wconf 83' lang='lat' dir='ltr'>labia.-</span> <span class='ocrx_word' id='word_1_140' title='bbox 1132 1266 1280 1316; x_wconf 81' lang='grc' dir='ltr'><strong><em>κορεῖν</em></strong></span> <span class='ocrx_word' id='word_1_141' title='bbox 1305 1277 1411 1318; x_wconf 75' lang='grc' dir='ltr'><strong><em>γυμ-</em></strong></span> 
     </span>
     <span class='ocr_line' id='line_1_23' title="bbox 112 1316 1411 1380; baseline -0.005 -14"><span class='ocrx_word' id='word_1_142' title='bbox 112 1319 307 1375; x_wconf 65' lang='grc' dir='ltr'>νάσιον,’</span> <span class='ocrx_word' id='word_1_143' title='bbox 326 1329 534 1364; x_wconf 68' lang='lat' dir='ltr'>saturare</span> <span class='ocrx_word' id='word_1_144' title='bbox 557 1321 875 1380; x_wconf 68' lang='lat' dir='ltr'>gymnasium.-</span> <span class='ocrx_word' id='word_1_145' title='bbox 911 1318 1019 1364; x_wconf 78' lang='grc' dir='ltr'><strong><em>κατὰ</em></strong></span> <span class='ocrx_word' id='word_1_146' title='bbox 1040 1317 1090 1362; x_wconf 81' lang='grc' dir='ltr'>τὰ</span> <span class='ocrx_word' id='word_1_147' title='bbox 1116 1316 1299 1372; x_wconf 74' lang='grc' dir='ltr'><strong><em>λοκρὸν,</em></strong></span> <span class='ocrx_word' id='word_1_148' title='bbox 1335 1334 1411 1360; x_wconf 84' lang='lat' dir='ltr'>se-</span> 
     </span>
     <span class='ocr_line' id='line_1_24' title="bbox 115 1373 1407 1433; baseline -0.003 -11"><span class='ocrx_word' id='word_1_149' title='bbox 115 1377 312 1422; x_wconf 74' lang='lat' dir='ltr'>eundum</span> <span class='ocrx_word' id='word_1_150' title='bbox 328 1376 551 1421; x_wconf 79' lang='lat' dir='ltr'>Locrum.-</span> <span class='ocrx_word' id='word_1_151' title='bbox 579 1375 843 1433; x_wconf 77' lang='grc' dir='ltr'><strong><em>ἐπιβατεύων</em></strong></span> <span class='ocrx_word' id='word_1_152' title='bbox 857 1379 940 1420; x_wconf 82' lang='grc' dir='ltr'>τοῦ</span> <span class='ocrx_word' id='word_1_153' title='bbox 956 1374 1159 1430; x_wconf 75' lang='grc' dir='ltr'><strong><em>Σμέρδος</em></strong></span> <span class='ocrx_word' id='word_1_154' title='bbox 1183 1373 1407 1430; x_wconf 82' lang='grc' dir='ltr'><strong><em>ὀνόματος,</em></strong></span> 
     </span>
     <span class='ocr_line' id='line_1_25' title="bbox 118 1430 1413 1502; baseline -0.005 -25"><span class='ocrx_word' id='word_1_155' title='bbox 118 1434 394 1502; x_wconf 69' lang='lat' dir='ltr'>aggrediens</span> <span class='ocrx_word' id='word_1_156' title='bbox 423 1434 601 1477; x_wconf 84' lang='lat' dir='ltr'>nomine</span> <span class='ocrx_word' id='word_1_157' title='bbox 627 1433 826 1476; x_wconf 78' lang='lat' dir='ltr'>terribili</span> <span class='ocrx_word' id='word_1_158' title='bbox 852 1440 936 1475; x_wconf 81' lang='lat' dir='ltr'>etc.</span> <span class='ocrx_word' id='word_1_159' title='bbox 993 1433 1079 1475; x_wconf 86' lang='lat' dir='ltr'>Pro</span> <span class='ocrx_word' id='word_1_160' title='bbox 1097 1430 1311 1473; x_wconf 88' lang='lat' dir='ltr'>indicibus</span> <span class='ocrx_word' id='word_1_161' title='bbox 1331 1430 1413 1471; x_wconf 91' lang='lat' dir='ltr'>de-</span> 
     </span>
     <span class='ocr_line' id='line_1_26' title="bbox 119 1485 1413 1545; baseline -0.004 -13"><span class='ocrx_word' id='word_1_162' title='bbox 119 1491 254 1544; x_wconf 81' lang='lat' dir='ltr'>mque</span> <span class='ocrx_word' id='word_1_163' title='bbox 269 1489 428 1532; x_wconf 86' lang='lat' dir='ltr'>merito</span> <span class='ocrx_word' id='word_1_164' title='bbox 446 1489 623 1545; x_wconf 87' lang='lat' dir='ltr'>quidem</span> <span class='ocrx_word' id='word_1_165' title='bbox 642 1488 782 1531; x_wconf 87' lang='lat' dir='ltr'>autori</span> <span class='ocrx_word' id='word_1_166' title='bbox 803 1487 1018 1530; x_wconf 85' lang='lat' dir='ltr'>habebam</span> <span class='ocrx_word' id='word_1_167' title='bbox 1037 1485 1219 1543; x_wconf 77' lang='lat' dir='ltr'>gratias:</span> <span class='ocrx_word' id='word_1_168' title='bbox 1240 1485 1318 1528; x_wconf 81' lang='lat' dir='ltr'>sed</span> <span class='ocrx_word' id='word_1_169' title='bbox 1338 1486 1413 1528; x_wconf 86' lang='lat' dir='ltr'>in-</span> 
     </span>
     <span class='ocr_line' id='line_1_27' title="bbox 121 1540 1413 1601; baseline -0.005 -13"><span class='ocrx_word' id='word_1_170' title='bbox 121 1554 245 1588; x_wconf 71' lang='lat' dir='ltr'>terea</span> <span class='ocrx_word' id='word_1_171' title='bbox 273 1556 374 1590; x_wconf 83' lang='lat' dir='ltr'>mon</span> <span class='ocrx_word' id='word_1_172' title='bbox 412 1559 492 1601; x_wconf 89' lang='lat' dir='ltr'>ego</span> <span class='ocrx_word' id='word_1_173' title='bbox 527 1552 700 1587; x_wconf 83' lang='lat' dir='ltr'>tantum</span> <span class='ocrx_word' id='word_1_174' title='bbox 737 1544 878 1587; x_wconf 84' lang='lat' dir='ltr'>multa</span> <span class='ocrx_word' id='word_1_175' title='bbox 920 1543 967 1585; x_wconf 86' lang='lat' dir='ltr'>in</span> <span class='ocrx_word' id='word_1_176' title='bbox 995 1543 1051 1585; x_wconf 79' lang='lat' dir='ltr'>iis</span> <span class='ocrx_word' id='word_1_177' title='bbox 1082 1540 1413 1592; x_wconf 81' lang='lat' dir='ltr'>desiderabam3</span> 
     </span>
     <span class='ocr_line' id='line_1_28' title="bbox 118 1597 1413 1658; baseline -0.005 -14"><span class='ocrx_word' id='word_1_178' title='bbox 118 1614 280 1644; x_wconf 86' lang='lat' dir='ltr'>verum</span> <span class='ocrx_word' id='word_1_179' title='bbox 317 1601 447 1643; x_wconf 84' lang='lat' dir='ltr'>etiam</span> <span class='ocrx_word' id='word_1_180' title='bbox 488 1599 543 1642; x_wconf 89' lang='lat' dir='ltr'>ab</span> <span class='ocrx_word' id='word_1_181' title='bbox 577 1600 672 1643; x_wconf 83' lang='lat' dir='ltr'>aliis</span> <span class='ocrx_word' id='word_1_182' title='bbox 708 1599 912 1658; x_wconf 74' lang='lat' dir='ltr'>exoptati</span> <span class='ocrx_word' id='word_1_183' title='bbox 947 1597 1168 1657; x_wconf 86' lang='lat' dir='ltr'>pleniores</span> <span class='ocrx_word' id='word_1_184' title='bbox 1193 1597 1413 1652; x_wconf 87' lang='lat' dir='ltr'>intellige-</span> 
     </span>
     <span class='ocr_line' id='line_1_29' title="bbox 120 1653 1414 1711; baseline -0.005 -11"><span class='ocrx_word' id='word_1_185' title='bbox 120 1657 235 1700; x_wconf 86' lang='lat' dir='ltr'>bam.</span> <span class='ocrx_word' id='word_1_186' title='bbox 291 1656 420 1700; x_wconf 83' lang='lat' dir='ltr'>Hisce</span> <span class='ocrx_word' id='word_1_187' title='bbox 449 1655 584 1711; x_wconf 84' lang='lat' dir='ltr'>igitur</span> <span class='ocrx_word' id='word_1_188' title='bbox 607 1656 896 1698; x_wconf 86' lang='lat' dir='ltr'>incommodis</span> <span class='ocrx_word' id='word_1_189' title='bbox 926 1654 1103 1697; x_wconf 83' lang='lat' dir='ltr'>tandem</span> <span class='ocrx_word' id='word_1_190' title='bbox 1127 1653 1310 1695; x_wconf 87' lang='lat' dir='ltr'>omnino</span> <span class='ocrx_word' id='word_1_191' title='bbox 1337 1668 1414 1695; x_wconf 88' lang='lat' dir='ltr'>re·-</span> 
     </span>
     <span class='ocr_line' id='line_1_30' title="bbox 120 1708 1414 1769; baseline -0.005 -12"><span class='ocrx_word' id='word_1_192' title='bbox 120 1712 315 1757; x_wconf 86' lang='lat' dir='ltr'>medium</span> <span class='ocrx_word' id='word_1_193' title='bbox 340 1712 513 1769; x_wconf 85' lang='lat' dir='ltr'>aliquod</span> <span class='ocrx_word' id='word_1_194' title='bbox 544 1711 822 1754; x_wconf 85' lang='lat' dir='ltr'>afferendum</span> <span class='ocrx_word' id='word_1_195' title='bbox 848 1710 1072 1753; x_wconf 82' lang='lat' dir='ltr'>videbam:</span> <span class='ocrx_word' id='word_1_196' title='bbox 1099 1723 1233 1766; x_wconf 87' lang='lat' dir='ltr'>quam</span> <span class='ocrx_word' id='word_1_197' title='bbox 1259 1724 1338 1765; x_wconf 87' lang='lat' dir='ltr'>ego</span> <span class='ocrx_word' id='word_1_198' title='bbox 1356 1708 1414 1752; x_wconf 86' lang='lat' dir='ltr'>ad</span> 
     </span>
     <span class='ocr_line' id='line_1_31' title="bbox 116 1766 1416 1863; baseline -0.005 -50"><span class='ocrx_word' id='word_1_199' title='bbox 116 1783 213 1814; x_wconf 87' lang='lat' dir='ltr'>rem</span> <span class='ocrx_word' id='word_1_200' title='bbox 242 1775 415 1811; x_wconf 84' lang='lat' dir='ltr'>tantum</span> <span class='ocrx_word' id='word_1_201' title='bbox 456 1767 587 1810; x_wconf 84' lang='lat' dir='ltr'>studii</span> <span class='ocrx_word' id='word_1_202' title='bbox 619 1781 867 1825; x_wconf 83' lang='lat' dir='ltr'>operaeque</span> <span class='ocrx_word' id='word_1_203' title='bbox 895 1766 1060 1809; x_wconf 80' lang='lat' dir='ltr'>contuli</span> <span class='ocrx_word' id='word_1_204' title='bbox 1092 1772 1306 1863; x_wconf 44' lang='lat' dir='ltr'>(guantum</span> <span class='ocrx_word' id='word_1_205' title='bbox 1335 1779 1416 1822; x_wconf 86' lang='lat' dir='ltr'>per</span> 
     </span>
     <span class='ocr_line' id='line_1_32' title="bbox 117 1821 1416 1879; baseline -0.003 -11"><span class='ocrx_word' id='word_1_206' title='bbox 117 1825 240 1868; x_wconf 77' lang='lat' dir='ltr'>vires</span> <span class='ocrx_word' id='word_1_207' title='bbox 264 1837 417 1879; x_wconf 59' lang='lat' dir='ltr'>‘aeque</span> <span class='ocrx_word' id='word_1_208' title='bbox 453 1839 505 1866; x_wconf 91' lang='lat' dir='ltr'>ac</span> <span class='ocrx_word' id='word_1_209' title='bbox 546 1830 768 1866; x_wconf 82' lang='lat' dir='ltr'>catenatos</span> <span class='ocrx_word' id='word_1_210' title='bbox 815 1822 1013 1865; x_wconf 82' lang='lat' dir='ltr'>muneris</span> <span class='ocrx_word' id='word_1_211' title='bbox 1056 1822 1101 1864; x_wconf 88' lang='lat' dir='ltr'>la</span> <span class='ocrx_word' id='word_1_212' title='bbox 1133 1836 1231 1865; x_wconf 88' lang='lat' dir='ltr'>ores</span> <span class='ocrx_word' id='word_1_213' title='bbox 1274 1821 1416 1864; x_wconf 87' lang='lat' dir='ltr'>licuit.</span> 
     </span>
     <span class='ocr_line' id='line_1_33' title="bbox 118 1877 1417 1936; baseline -0.003 -12"><span class='ocrx_word' id='word_1_214' title='bbox 118 1879 304 1926; x_wconf 84' lang='lat' dir='ltr'>Mendas</span> <span class='ocrx_word' id='word_1_215' title='bbox 336 1894 529 1935; x_wconf 88' lang='lat' dir='ltr'>namque</span> <span class='ocrx_word' id='word_1_216' title='bbox 562 1879 724 1922; x_wconf 90' lang='lat' dir='ltr'>Graeci</span> <span class='ocrx_word' id='word_1_217' title='bbox 749 1885 897 1921; x_wconf 84' lang='lat' dir='ltr'>textus</span> <span class='ocrx_word' id='word_1_218' title='bbox 922 1877 1134 1936; x_wconf 88' lang='lat' dir='ltr'>plurimas</span> <span class='ocrx_word' id='word_1_219' title='bbox 1163 1877 1238 1920; x_wconf 84' lang='lat' dir='ltr'>vel</span> <span class='ocrx_word' id='word_1_220' title='bbox 1265 1877 1417 1920; x_wconf 86' lang='lat' dir='ltr'>statim</span> 
     </span>
     <span class='ocr_line' id='line_1_34' title="bbox 114 1931 1416 1996; baseline -0.005 -16"><span class='ocrx_word' id='word_1_221' title='bbox 114 1936 314 1996; x_wconf 71' lang='lat' dir='ltr'>reposita</span> <span class='ocrx_word' id='word_1_222' title='bbox 344 1950 452 1978; x_wconf 81' lang='lat' dir='ltr'>vera</span> <span class='ocrx_word' id='word_1_223' title='bbox 488 1936 674 1978; x_wconf 88' lang='lat' dir='ltr'>lectione</span> <span class='ocrx_word' id='word_1_224' title='bbox 705 1935 887 1987; x_wconf 86' lang='lat' dir='ltr'>sustuli;</span> <span class='ocrx_word' id='word_1_225' title='bbox 946 1935 1018 1977; x_wconf 87' lang='lat' dir='ltr'>vel</span> <span class='ocrx_word' id='word_1_226' title='bbox 1054 1940 1173 1976; x_wconf 81' lang='lat' dir='ltr'>certe</span> <span class='ocrx_word' id='word_1_227' title='bbox 1212 1933 1260 1975; x_wconf 89' lang='lat' dir='ltr'>in</span> <span class='ocrx_word' id='word_1_228' title='bbox 1300 1931 1416 1975; x_wconf 87' lang='lat' dir='ltr'>notis</span> 
     </span>
     <span class='ocr_line' id='line_1_35' title="bbox 121 1987 1418 2048; baseline -0.004 -12"><span class='ocrx_word' id='word_1_229' title='bbox 121 1991 493 2037; x_wconf 72' lang='lat' dir='ltr'>commonstmviz</span> <span class='ocrx_word' id='word_1_230' title='bbox 538 2006 684 2048; x_wconf 87' lang='lat' dir='ltr'>neque</span> <span class='ocrx_word' id='word_1_231' title='bbox 726 1990 771 2034; x_wconf 92' lang='lat' dir='ltr'>id</span> <span class='ocrx_word' id='word_1_232' title='bbox 814 1999 982 2034; x_wconf 86' lang='lat' dir='ltr'>temere</span> <span class='ocrx_word' id='word_1_233' title='bbox 1017 1997 1094 2032; x_wconf 88' lang='lat' dir='ltr'>aut</span> <span class='ocrx_word' id='word_1_234' title='bbox 1129 1989 1291 2031; x_wconf 80' lang='lat' dir='ltr'>fiducia</span> <span class='ocrx_word' id='word_1_235' title='bbox 1325 1987 1418 2032; x_wconf 88' lang='lat' dir='ltr'>mei</span> 
     </span>
     <span class='ocr_line' id='line_1_36' title="bbox 120 2045 1420 2106; baseline -0.005 -14"><span class='ocrx_word' id='word_1_236' title='bbox 120 2048 294 2100; x_wconf 78' lang='lat' dir='ltr'>iudicii3</span> <span class='ocrx_word' id='word_1_237' title='bbox 323 2048 396 2090; x_wconf 83' lang='lat' dir='ltr'>sed</span> <span class='ocrx_word' id='word_1_238' title='bbox 417 2046 578 2106; x_wconf 84' lang='lat' dir='ltr'>partim</span> <span class='ocrx_word' id='word_1_239' title='bbox 605 2061 741 2090; x_wconf 85' lang='lat' dir='ltr'>manu</span> <span class='ocrx_word' id='word_1_240' title='bbox 770 2047 1034 2104; x_wconf 84' lang='lat' dir='ltr'>scriptorum</span> <span class='ocrx_word' id='word_1_241' title='bbox 1057 2045 1281 2098; x_wconf 87' lang='lat' dir='ltr'>codicum,</span> <span class='ocrx_word' id='word_1_242' title='bbox 1311 2059 1420 2102; x_wconf 85' lang='lat' dir='ltr'>par-</span> 
     </span>
     <span class='ocr_line' id='line_1_37' title="bbox 123 2101 1419 2158; baseline -0.002 -11"><span class='ocrx_word' id='word_1_243' title='bbox 123 2105 207 2148; x_wconf 76' lang='lat' dir='ltr'>tim</span> <span class='ocrx_word' id='word_1_244' title='bbox 230 2104 434 2146; x_wconf 79' lang='lat' dir='ltr'>virorum</span> <span class='ocrx_word' id='word_1_245' title='bbox 467 2102 818 2146; x_wconf 81' lang='lat' dir='ltr'>doctissimorum</span> <span class='ocrx_word' id='word_1_246' title='bbox 850 2104 982 2146; x_wconf 85' lang='lat' dir='ltr'>ductu</span> <span class='ocrx_word' id='word_1_247' title='bbox 1014 2109 1059 2144; x_wconf 91' lang='lat' dir='ltr'>et</span> <span class='ocrx_word' id='word_1_248' title='bbox 1083 2101 1290 2158; x_wconf 86' lang='lat' dir='ltr'>auspicio.</span> <span class='ocrx_word' id='word_1_249' title='bbox 1347 2102 1419 2144; x_wconf 78' lang='lat' dir='ltr'>ln·</span> 
     </span>
     <span class='ocr_line' id='line_1_38' title="bbox 121 2156 1419 2218; baseline -0.004 -15"><span class='ocrx_word' id='word_1_250' title='bbox 121 2160 490 2218; x_wconf 76' lang='lat' dir='ltr'>tei-pretationem</span> <span class='ocrx_word' id='word_1_251' title='bbox 501 2158 582 2200; x_wconf 84' lang='lat' dir='ltr'>etsi</span> <span class='ocrx_word' id='word_1_252' title='bbox 601 2159 714 2202; x_wconf 89' lang='lat' dir='ltr'>serio</span> <span class='ocrx_word' id='word_1_253' title='bbox 730 2160 979 2216; x_wconf 84' lang='lat' dir='ltr'>perlegere,</span> <span class='ocrx_word' id='word_1_254' title='bbox 1006 2165 1085 2200; x_wconf 91' lang='lat' dir='ltr'>aut</span> <span class='ocrx_word' id='word_1_255' title='bbox 1113 2172 1216 2199; x_wconf 88' lang='lat' dir='ltr'>cum</span> <span class='ocrx_word' id='word_1_256' title='bbox 1246 2156 1419 2200; x_wconf 87' lang='lat' dir='ltr'>Graeco</span> 
     </span>
     <span class='ocr_line' id='line_1_39' title="bbox 120 2212 1420 2272; baseline -0.004 -13"><span class='ocrx_word' id='word_1_257' title='bbox 120 2223 250 2259; x_wconf 74' lang='lat' dir='ltr'>textu</span> <span class='ocrx_word' id='word_1_258' title='bbox 278 2214 483 2258; x_wconf 87' lang='lat' dir='ltr'>conferre</span> <span class='ocrx_word' id='word_1_259' title='bbox 512 2214 664 2272; x_wconf 87' lang='lat' dir='ltr'>inopia</span> <span class='ocrx_word' id='word_1_260' title='bbox 700 2216 909 2272; x_wconf 81' lang='lat' dir='ltr'>temporis</span> <span class='ocrx_word' id='word_1_261' title='bbox 947 2214 1028 2256; x_wconf 83' lang='lat' dir='ltr'>hac</span> <span class='ocrx_word' id='word_1_262' title='bbox 1064 2213 1159 2255; x_wconf 84' lang='lat' dir='ltr'>vice</span> <span class='ocrx_word' id='word_1_263' title='bbox 1187 2227 1279 2255; x_wconf 84' lang='lat' dir='ltr'>non</span> <span class='ocrx_word' id='word_1_264' title='bbox 1313 2212 1420 2254; x_wconf 85' lang='lat' dir='ltr'>sivit</span> 
     </span>
     <span class='ocr_line' id='line_1_40' title="bbox 121 2269 1419 2328; baseline -0.002 -14"><span class='ocrx_word' id='word_1_265' title='bbox 121 2285 210 2325; x_wconf 78' lang='lat' dir='ltr'>me,</span> <span class='ocrx_word' id='word_1_266' title='bbox 238 2279 386 2314; x_wconf 86' lang='lat' dir='ltr'>tamen</span> <span class='ocrx_word' id='word_1_267' title='bbox 416 2269 557 2313; x_wconf 88' lang='lat' dir='ltr'>obiter</span> <span class='ocrx_word' id='word_1_268' title='bbox 585 2278 630 2312; x_wconf 88' lang='lat' dir='ltr'>et</span> <span class='ocrx_word' id='word_1_269' title='bbox 655 2270 795 2327; x_wconf 86' lang='lat' dir='ltr'>ipsam</span> <span class='ocrx_word' id='word_1_270' title='bbox 829 2269 990 2328; x_wconf 81' lang='lat' dir='ltr'>passim</span> <span class='ocrx_word' id='word_1_271' title='bbox 1022 2269 1093 2311; x_wconf 90' lang='lat' dir='ltr'>vel</span> <span class='ocrx_word' id='word_1_272' title='bbox 1118 2269 1165 2310; x_wconf 87' lang='lat' dir='ltr'>in</span> <span class='ocrx_word' id='word_1_273' title='bbox 1192 2275 1316 2310; x_wconf 80' lang='lat' dir='ltr'>textu</span> <span class='ocrx_word' id='word_1_274' title='bbox 1342 2269 1419 2311; x_wconf 81' lang='lat' dir='ltr'>vel</span> 
     </span>
     <span class='ocr_line' id='line_1_41' title="bbox 123 2324 1422 2383; baseline -0.004 -12"><span class='ocrx_word' id='word_1_275' title='bbox 123 2328 174 2371; x_wconf 86' lang='lat' dir='ltr'>in</span> <span class='ocrx_word' id='word_1_276' title='bbox 204 2327 318 2369; x_wconf 86' lang='lat' dir='ltr'>notis</span> <span class='ocrx_word' id='word_1_277' title='bbox 344 2325 537 2371; x_wconf 66' lang='lat' dir='ltr'>correxie</span> <span class='ocrx_word' id='word_1_278' title='bbox 579 2334 751 2368; x_wconf 86' lang='lat' dir='ltr'>secutus</span> <span class='ocrx_word' id='word_1_279' title='bbox 778 2325 849 2368; x_wconf 87' lang='lat' dir='ltr'>hic</span> <span class='ocrx_word' id='word_1_280' title='bbox 877 2339 1055 2383; x_wconf 86' lang='lat' dir='ltr'>quoque</span> <span class='ocrx_word' id='word_1_281' title='bbox 1084 2324 1272 2367; x_wconf 88' lang='lat' dir='ltr'>aliorum</span> <span class='ocrx_word' id='word_1_282' title='bbox 1298 2324 1422 2366; x_wconf 85' lang='lat' dir='ltr'>iudi-</span> 
     </span>
     <span class='ocr_line' id='line_1_42' title="bbox 125 2381 1420 2439; baseline -0.004 -14"><span class='ocrx_word' id='word_1_283' title='bbox 125 2383 193 2426; x_wconf 81' lang='lat' dir='ltr'>cia</span> <span class='ocrx_word' id='word_1_284' title='bbox 217 2383 387 2439; x_wconf 84' lang='lat' dir='ltr'>potins,</span> <span class='ocrx_word' id='word_1_285' title='bbox 415 2397 548 2438; x_wconf 87' lang='lat' dir='ltr'>quam</span> <span class='ocrx_word' id='word_1_286' title='bbox 577 2397 676 2424; x_wconf 90' lang='lat' dir='ltr'>meo</span> <span class='ocrx_word' id='word_1_287' title='bbox 704 2381 858 2425; x_wconf 83' lang='lat' dir='ltr'>fretus.</span> <span class='ocrx_word' id='word_1_288' title='bbox 911 2381 1084 2427; x_wconf 87' lang='lat' dir='ltr'>Indices</span> <span class='ocrx_word' id='word_1_289' title='bbox 1107 2386 1256 2422; x_wconf 84' lang='lat' dir='ltr'>autem</span> <span class='ocrx_word' id='word_1_290' title='bbox 1286 2381 1420 2437; x_wconf 86' lang='lat' dir='ltr'>plane</span> 
     </span>
     <span class='ocr_line' id='line_1_43' title="bbox 126 2434 1424 2494; baseline -0.003 -14"><span class='ocrx_word' id='word_1_291' title='bbox 126 2453 283 2490; x_wconf 86' lang='lat' dir='ltr'>novos,</span> <span class='ocrx_word' id='word_1_292' title='bbox 310 2452 360 2480; x_wconf 86' lang='lat' dir='ltr'>ac</span> <span class='ocrx_word' id='word_1_293' title='bbox 381 2439 510 2494; x_wconf 89' lang='lat' dir='ltr'>longe</span> <span class='ocrx_word' id='word_1_294' title='bbox 531 2437 752 2493; x_wconf 84' lang='lat' dir='ltr'>prioribus</span> <span class='ocrx_word' id='word_1_295' title='bbox 775 2437 1085 2494; x_wconf 83' lang='lat' dir='ltr'>locupletiores</span> <span class='ocrx_word' id='word_1_296' title='bbox 1106 2434 1242 2478; x_wconf 83' lang='lat' dir='ltr'>factos</span> <span class='ocrx_word' id='word_1_297' title='bbox 1265 2435 1424 2487; x_wconf 88' lang='lat' dir='ltr'>cuivis,</span> 
     </span>
     <span class='ocr_line' id='line_1_44' title="bbox 126 2491 1425 2551; baseline -0.003 -14"><span class='ocrx_word' id='word_1_298' title='bbox 126 2493 205 2551; x_wconf 87' lang='lat' dir='ltr'>qui</span> <span class='ocrx_word' id='word_1_299' title='bbox 242 2493 447 2536; x_wconf 86' lang='lat' dir='ltr'>conferre</span> <span class='ocrx_word' id='word_1_300' title='bbox 478 2493 687 2545; x_wconf 84' lang='lat' dir='ltr'>voluerit,</span> <span class='ocrx_word' id='word_1_301' title='bbox 724 2493 781 2536; x_wconf 87' lang='lat' dir='ltr'>ad</span> <span class='ocrx_word' id='word_1_302' title='bbox 813 2494 986 2537; x_wconf 85' lang='lat' dir='ltr'>oculum</span> <span class='ocrx_word' id='word_1_303' title='bbox 1024 2491 1205 2549; x_wconf 78' lang='lat' dir='ltr'>patebit.</span> <span class='ocrx_word' id='word_1_304' title='bbox 1271 2491 1425 2547; x_wconf 87' lang='lat' dir='ltr'>Quam</span> 
     </span>
     <span class='ocr_line' id='line_1_45' title="bbox 128 2545 1426 2606; baseline -0.005 -13"><span class='ocrx_word' id='word_1_305' title='bbox 128 2564 276 2593; x_wconf 82' lang='lat' dir='ltr'>meam</span> <span class='ocrx_word' id='word_1_306' title='bbox 307 2564 487 2606; x_wconf 84' lang='lat' dir='ltr'>operam</span> <span class='ocrx_word' id='word_1_307' title='bbox 522 2549 710 2606; x_wconf 84' lang='lat' dir='ltr'>optarim</span> <span class='ocrx_word' id='word_1_308' title='bbox 741 2550 943 2603; x_wconf 89' lang='lat' dir='ltr'>equidem</span> <span class='ocrx_word' id='word_1_309' title='bbox 971 2545 1264 2604; x_wconf 81' lang='lat' dir='ltr'>expectationi</span> <span class='ocrx_word' id='word_1_310' title='bbox 1285 2547 1426 2588; x_wconf 88' lang='lat' dir='ltr'>bono-</span> 
     </span>
     <span class='ocr_line' id='line_1_46' title="bbox 127 2603 1426 2658; baseline -0.005 -10"><span class='ocrx_word' id='word_1_311' title='bbox 127 2619 232 2648; x_wconf 81' lang='lat' dir='ltr'>rum</span> <span class='ocrx_word' id='word_1_312' title='bbox 258 2603 461 2650; x_wconf 80' lang='lat' dir='ltr'>virorum</span> <span class='ocrx_word' id='word_1_313' title='bbox 478 2604 653 2649; x_wconf 85' lang='lat' dir='ltr'>abunde</span> <span class='ocrx_word' id='word_1_314' title='bbox 671 2604 933 2650; x_wconf 81' lang='lat' dir='ltr'>satisfacere.</span> <span class='ocrx_word' id='word_1_315' title='bbox 988 2604 1161 2648; x_wconf 80' lang='lat' dir='ltr'>Verum</span> <span class='ocrx_word' id='word_1_316' title='bbox 1187 2610 1343 2658; x_wconf 80' lang='lat' dir='ltr'>optare</span> <span class='ocrx_word' id='word_1_317' title='bbox 1372 2607 1426 2643; x_wconf 85' lang='lat' dir='ltr'>ut</span> 
     </span>
    </p>
   </div>
  </div>
 </body>
</html>
