1664 2950
212 131 293 172 172
751 128 820 167 lx.
884 131 968 186 49³.

214 236 293 293 οὐχ
328 232 438 294 ᾗπερ
472 234 524 279 τοὶ
563 234 694 280 λοιποὶ
731 239 819 280 τῶν
854 235 942 281 ὖπό
978 240 1071 291 ταῖς
1105 239 1268 296 τέχναις
1305 238 1503 296 ἐργαστη-

216 306 347 359 ρίων,
389 301 496 346 α’λλὰ
532 301 662 353 τόπος
699 303 806 347 ὅθεν
843 309 1102 360 μισθοῦνται
1140 306 1199 359 ὥς
1234 306 1338 358 τοὺς
1365 309 1503 363 μαγεί·

217 384 341 425 ρους’
389 369 448 422 ὠς
486 367 735 427 Ἀντιφάνης
775 371 822 414 ἐν
864 372 1112 430 Στρατιώτῃ
1147 374 1399 431 ὑποδηλοῦν
1425 374 1504 417 ἔοι-

213 452 310 482 κεν·
356 438 402 481 ἐκ
435 441 523 481 τῶν
560 439 814 494 μαγειρείων
847 440 1041 494 βαδίζων,
1070 439 1293 497 ἐμβάλλων
1319 443 1379 493 εἰς
1406 435 1506 484 τοῦ-

214 512 313 557 ψον.
373 503 582 561 μεμνόνια
619 505 666 549 δὲ
702 504 887 550 ἐκάλουν
928 501 983 549 οὗ
1028 505 1083 550 τὰ
1117 511 1204 551 τῶν
1239 507 1357 552 ὄνων
1393 506 1531 563 κρέα5

216 571 553 629 ἐπιπράσκοντο,
582 574 688 624 ἴσως
712 576 801 618 τῶν
835 572 988 617 ὀνείων
1014 572 1200 618 ἐνόντων
1224 578 1287 632 τῷ
1313 573 1503 631 ὀνόματι.

216 640 305 683 Καὶ
334 643 469 684 ταῦτα
497 640 567 692 δὲ,
598 641 636 684 εἰ
665 640 739 684 καὶ
767 641 938 695 αἰσχίω,
967 639 1073 697 μέρη
1103 639 1280 694 πόλεως,
1309 640 1506 694 domata,

220 711 409 759 πεττεῖα,
443 709 620 762 κυβεῑα,
656 705 936 763 κυβευτήρια,
973 713 1223 764 σκιραφεῖα,
1259 713 1508 765 ματρυλεῖα,

157 773 211 814 49
224 773 417 829 ἄγωγεῖα.
473 772 633 830 *Μέρη
667 774 712 818 δὲ
747 772 917 817 πόλεων
950 773 1024 817 καὶ
1056 772 1271 830 κατάγειοι
1310 775 1508 832 οἰκήσεις,

216 841 290 884 καὶ
319 840 471 896 σειροὶ,
497 840 572 883 καὶ
598 840 779 896 φρέατα,
805 841 880 886 καὶ
908 840 1078 885 λάκκοι·
1116 839 1222 898 τάχα
1249 842 1295 886 δὲ
1321 843 1508 899 καὶλίμ-
1519 850 1570 884 10-

217 925 305 960 ναι,
333 909 407 951 καὶ
435 906 733 964 προλιμνάδες,
763 909 837 952 καὶ
864 908 1065 964 ποταμοὶ,
1091 909 1166 952 καὶ
1193 907 1360 966 ἄνδηρα
1381 924 1510 954 ποτα-

220 979 327 1031 μῶν,
354 976 428 1019 καὶ
455 973 606 1030 ὄχθαι,
631 975 704 1018 καὶ
729 974 943 1032 γέφυραι,
970 975 1044 1019 καὶ
1067 977 1262 1028 πυλίδες,
1289 977 1363 1020 καὶ
1387 978 1511 1029 ψαλί-

217 1043 300 1092 δες.
353 1042 442 1085 ἔστι
481 1042 527 1086 δὲ
554 1042 582 1099 ἡ
611 1042 738 1094 ψαλὶς
764 1040 879 1092 εἶδος
906 1041 1266 1099 οἰκοδομήματος,
1297 1043 1414 1101 ἦπου
1436 1044 1512 1088 καὶ
1571 1050 1575 1053 ”

218 1112 452 1165 Σοφοκλῆς
480 1109 526 1152 ἐν
555 1111 790 1160 Λακαίναις
821 1108 944 1164 λέγει,

307 1174 459 1230 στενὴν
486 1173 524 1219 δ’
556 1176 709 1232 ἔδυμεν
736 1177 898 1228 ψαλίδα
926 1173 1036 1219 κούκ
1064 1172 1331 1232 άβάρβαρον.
1519 1184 1562 1220 15

221 1240 328 1286 ἀλλὰ
358 1240 443 1297 μὴν
466 1243 540 1285 καὶ
569 1242 753 1287 Πλάτων
783 1243 829 1287 ἐν
852 1248 943 1294 τοῖς
969 1242 1146 1299 νόμοις,
1172 1242 1315 1300 θήκην
1343 1238 1384 1287 δ’
1420 1241 1508 1286 ὑπὸ

219 1314 296 1366 γῆς
326 1307 472 1359 αὐτοῖς
504 1310 784 1367 εἰργασμένην
810 1308 922 1353 εἶναι
947 1311 1107 1360 ψαλίδα
1135 1309 1346 1366 προμήκη,
1372 1311 1511 1354 λίθων

220 1377 485 1432 πολυτίμων.
541 1374 610 1420 Ἐκ
648 1377 694 1421 δὲ
733 1380 820 1421 τῶν
854 1381 929 1433 τῆς
962 1376 1127 1428 πόλεως
1160 1380 1317 1433 μερῶν,
1345 1377 1419 1422 καὶ
1446 1376 1513 1421 λέ-

213 1456 326 1500 σχαι,
356 1443 430 1487 καὶ
457 1447 657 1495 man-sves,
683 1443 743 1495 ὥς
771 1443 965 1495 Εὔπολις
992 1441 1193 1500 ὠνόμαζε·
1222 1443 1297 1488 καὶ
1324 1445 1512 1496 οἰνῶνες,

162 1517 216 1561 50
228 1513 286 1562 ὠς
321 1511 549 1566 Ξενοφῶν·
604 1510 696 1555 *τὰ
729 1511 809 1568 μὲν
844 1506 925 1556 οὖν
961 1509 1101 1554 πολλὰ
1138 1509 1417 1567 ἐργαστήρια.
1446 1508 1566 1563 οἷςιο

221 1577 306 1624 άπὸ
342 1577 489 1634 τέχνης
526 1577 704 1635 ἑκάστης
740 1577 961 1634 πρόκειται
985 1576 1195 1633 τοῦνομα.
1223 1577 1270 1622 ἓν
1293 1583 1395 1630 τοῖς·
1411 1579 1512 1634 περὶ

220 1650 381 1703 τεχνῶν
408 1645 497 1689 ἐστι
523 1646 827 1703 προειρημένα.
875 1646 1002 1702 Μέρη
1030 1645 1078 1689 δὲ
1105 1644 1278 1698 πόλεως,
1307 1646 1382 1689 καὶ
1407 1660 1514 1690 παν-

221 1717 418 1765 δοκεῖον,
459 1713 532 1756 καὶ
575 1713 727 1765 ξενῶν·
772 1714 847 1758 καὶ
893 1712 954 1764 ὥς
993 1713 1040 1756 ἐν
1073 1711 1218 1772 Ἰνάχῳ
1264 1716 1511 1770 Σοφοκλῆς,

221 1779 440 1830 πανδόκος
468 1778 732 1832 ξενόστασις·
765 1779 840 1824 καὶ
868 1778 1016 1831 στάσις
1042 1780 1209 1828 ἵππων,
1245 1779 1306 1832 ὥς
1331 1776 1512 1835 Εὐριπρ

223 1850 302 1904 δης
329 1847 375 1890 ἐν
397 1845 633 1904 Ἱππολύτῳ
663 1847 983 1905 καλυπτομένῳ,
1519 1859 1566 1895 25

305 1912 418 1968 πρὸς
443 1914 587 1956 ἳππων
615 1912 749 1965 εὐθύς
781 1912 975 1970 ὁρμήσας
1002 1910 1163 1956 στάσιν.

223 1982 388 2030 Λυσίας
434 1979 480 2023 δὲ
526 1979 574 2025 ἐν
618 1983 680 2037 τῷ
715 1979 824 2035 ὑπὲρ
864 1978 1120 2035 Ἀχιλλείδου
1155 1976 1298 2034 φόνου
1333 1979 1511 2036 εἴρηκεν,

223 2045 528 2093 ἱπποστάσιον·
569 2047 642 2090 καὶ
669 2045 859 2102 σταθμός
887 2045 931 2090 δ’
958 2045 1013 2090 ἂν
1037 2049 1211 2089 καλοῖτο
1239 2043 1268 2101 ἡ
1295 2048 1382 2090 τῶν
1407 2045 1514 2091 ’ὑπο-

224 2116 379 2169 ζυγίων
417 2111 585 2163 στάσις·
630 2113 706 2157 καὶ
750 2114 959 2165 κλείσιον,
998 2111 1119 2168 παρά
1156 2110 1206 2157 τὸ
1247 2116 1511 2158 κεκλεῖσθαι·

225 2177 281 2227 οὗ
307 2180 383 2226 καὶ
411 2181 457 2224 αἱ
482 2178 620 2235 θύραι
645 2178 893 2230 κλεισιάδες.
1521 2186 1568 2223 80

165 2304 218 2347 51
514 2291 1132 2334 *ΚΕΦΑΛΛΙοΝ
1178 2288 1228 2341 ς’.

227 2370 335 2427 Περὶ
363 2371 490 2414 εἰδῶν
514 2367 588 2412 καὶ
611 2370 752 2424 μερῶν
768 2364 1006 2423 ὀνομάτων,
1023 2367 1238 2412 ταλάντου
1253 2381 1297 2411 τε
1314 2367 1389 2412 καὶ
1404 2370 1515 2424 μνᾶς

282 2438 352 2484 καὶ
373 2439 582 2493 στατῆρος
598 2434 671 2478 καὶ
699 2436 890 2490 δραχμῆς
915 2434 990 2477 καὶ
1004 2433 1462 2491 πεντηκονταδράχμου

403 2503 476 2548 καὶ
496 2500 822 2558 πενταδράχμου
839 2500 913 2544 καὶ
931 2503 1020 2544 τῶν
1038 2504 1182 2558 μερῶν
1202 2499 1345 2557 αὐτῆς.

339 2579 405 2626 Οὐ
447 2584 623 2637 φαῦλον
650 2578 695 2624 δ’
723 2579 779 2623 ἄν
805 2580 869 2635 εἴη
907 2578 1068 2635 βραχέα»
1093 2578 1163 2622 καὶ
1191 2578 1290 2633 περὶ
1314 2577 1573 2635 νομισμά-δᾶ
