1664 2950
191 103 270 145 124
729 103 786 148 11.
848 110 939 151 197.

104 218 182 260 197
587 218 609 240 *
626 214 737 270 Περὶ
763 218 906 271 μερῶν
932 215 1081 269 ποδός.

296 301 422 358 Μέρη
451 301 497 346 δὲ
525 302 674 355 ποδὸς,
702 301 755 347 τὰ
783 305 862 360 μὲν
889 305 980 350 ἅνω
1009 305 1095 362 πρὸ
1123 310 1212 352 τῶν
1239 307 1476 361 δακτύλων,

185 368 352 423 πεδίον,
382 369 409 426 ἢ
439 368 562 424 ὅρος,
592 369 620 428 ἢ
647 370 936 428 πολυόστεον,
975 373 1018 426 ἐξ
1046 373 1184 418 ὀστῶν
1211 375 1284 418 καὶ
1309 373 1477 431 νεύρων

186 438 474 493 συγκείμενον.
513 432 567 481 οὗ
595 437 645 482 τὸ
678 438 925 495 ἔμπροσθεν
961 439 1065 496 μετά
1091 440 1195 491 τοὺς
1221 440 1476 493 δακτύλους,

184 502 353 558 ταρσός.
394 502 443 547 τὸ
473 504 520 549 δὲ
547 503 766 563 ἀπολῆγον
792 511 875 550 τοῦ
901 506 1036 560 ποδὸς
1061 507 1263 561 κατόπιν,
1303 506 1505 564 πτέρνα.5

186 568 267 627 ἀφ’
295 567 348 627 ἧς
375 572 448 615 καὶ
474 570 524 615 τὰ
552 579 882 628 πτερνοκοπεῖν,
911 575 1017 630 ὅπερ
1047 574 1133 618 ἐστὶ
1159 573 1208 618 τὸ
1236 579 1328 627 ταῖς
1355 575 1477 630 πτέρ-

182 654 280 690 ναις
307 644 485 683 κτυπεῖν
511 638 622 695 πρὸς
657 639 711 684 τά
739 640 895 686 ἑδώλια
923 642 970 686 ἐν
995 645 1087 693 τοῖς
1113 641 1345 698 θεάτροις,
1375 642 1477 688 ὁπό-

183 721 227 748 τε
256 705 352 749 τινά
379 709 628 762 θορυβοῖεν.
668 707 743 752 καὶ
779 710 1006 764 πτερνίδας
1043 709 1089 753 δὲ
1127 709 1156 766 ἡ
1196 708 1303 768 μέση
1330 727 1477 767 κωμῳ-

185 774 256 817 δία
295 775 400 830 φησὶ
445 773 549 825 τούς
584 773 807 831 πυθμένας
859 779 947 819 τῶν
985 778 1191 831 ἰατρικῶν
1229 778 1476 821 λεκανίδων.

103 840 270 887 198*τό
312 841 359 885 δὲ
395 840 613 893 κάτωθεν,
653 843 703 887 τὸ
741 843 821 898 μὲν
855 842 972 892 ὅλον,
1002 844 1200 902 τύλωμα,
1240 843 1400 889 τούτου
1429 843 1475 888 δὲ
1488 847 1532 882 10

181 907 231 951 τὸ
261 908 339 963 μὲν
365 913 559 966 προῦχον
594 908 683 953 ὑπὸ
710 909 814 962 τούς
842 910 1100 966 δακτύλους,
1139 916 1300 969 στῆθος
1326 909 1477 963 ποδὸς,

181 974 210 1031 ἢ
245 977 496 1032 προστηθὶς,
536 975 586 1021 τὸ
626 977 673 1021 δὲ
712 977 817 1034 μετὰ
851 978 1118 1036 τὸστῆθος,
1154 983 1305 1024 κοῖλον
1329 977 1476 1030 ποδός.

182 1042 389 1087 δάκτυλοι
430 1043 475 1087 δὲ
512 1043 649 1096 ποδὸς
686 1043 762 1096 τὰς
791 1043 924 1096 αὐτάς
950 1043 1020 1090 ’ἐπὶ
1047 1051 1138 1098 τοῖς
1175 1046 1322 1103 μέρεσι
1347 1056 1478 1099 προσ-

180 1112 361 1166 ηγορίας
400 1111 590 1167 ἔχουσιν,
641 1111 692 1161 ἃς
720 1112 792 1155 καὶ
822 1114 866 1156 οἱ
892 1113 1077 1156 ἐπὶτῶν
1102 1117 1268 1170 χειρῶν.
1324 1113 1398 1158 καὶ
1425 1104 1475 1156 τό

180 1177 260 1233 μὲν
286 1176 374 1221 ὑπὸ
403 1178 507 1230 τοὺς
536 1177 774 1230 δακτύλους
802 1180 957 1235 ῥῆγμα,
1013 1181 1028 1223 ί
1060 1185 1182 1224 ετλον
1210 1178 1471 1236 ὀνομάζεται.
1485 1186 1528 1220 15

182 1247 226 1288 οἱ
257 1245 303 1289 δὲ
332 1246 406 1289 καὶ
435 1244 542 1290 αύτὸ
573 1245 622 1289 τὸ
651 1246 778 1302 μέρος
817 1242 872 1290 οὗ
915 1197 1183 1304 inumb,
1212 1249 1405 1304 χίμετλον
1433 1245 1475 1291 ὄ-

181 1312 445 1369 νομάζεσθαι
481 1315 718 1369 νομίζουσι.
769 1313 822 1357 τὰ
858 1313 904 1358 δὲ
941 1314 1051 1372 ’ὑπὲρ
1086 1313 1190 1365 τούς
1235 1312 1474 1365 δακτύλους

98 1380 431 1437 199κρούματα,
461 1382 712 1436 πταίσματα.
740 1378 1075 1438 *Ἀριστοφάνης
1116 1381 1163 1425 δὲ
1189 1381 1262 1425 καὶ
1289 1381 1475 1424 ἐπιπταί-

182 1462 321 1505 σματα
368 1447 479 1492 αὐτὰ
526 1452 657 1491 καλεῖ.
705 1447 754 1492 τὸ
800 1447 947 1505 μέντοι
997 1453 1284 1506 προσπταῖσαι
1309 1447 1356 1492 ἐν
1382 1452 1475 1500 τοῖς
1539 1499 1542 1502 ,

180 1517 325 1573 Σφηξὶ
352 1513 602 1571 προσκόψαι
630 1517 784 1572 εἴρηκε.
836 1516 911 1560 καὶ
946 1517 1051 1560 ποσὶ
1089 1513 1131 1559 δ’
1170 1515 1225 1558 ἂν
1259 1513 1530 1571 προσήκοιΞο

179 1583 253 1627 καὶ
280 1581 328 1626 τὸ
358 1581 586 1640 ὑπόδημα,
626 1583 918 1636 ὑποδύεσθαι,
947 1582 1274 1639 ὑποδούμενος,
1315 1581 1476 1626 άνυπό·

182 1645 332 1707 δητος,
361 1650 644 1707 άνυποδησία.
673 1652 746 1694 καὶ
773 1650 902 1707 βάσιν
929 1650 972 1694 δ’
1003 1649 1058 1693 ἂν
1083 1651 1217 1701 εἴποις
1244 1647 1321 1694 τὸν
1346 1647 1493 1702 πόδα,”

180 1717 419 1769 Πλάτωνος
456 1718 673 1770 εἰπόντος,
710 1721 820 1761 θεοῦ
868 1716 1016 1773 βάσεις
1057 1713 1338 1767 ’ὑποτιθέντος
1363 1719 1475 1760 πλεί-

181 1801 272 1836 ους.
303 1783 385 1841 άφ’
416 1782 472 1829 οὗ
500 1786 573 1829 καὶ
599 1783 648 1828 τό
678 1782 890 1841 βάσιμον,
930 1783 1004 1826 καὶ
1031 1781 1206 1839 ἄβατον.
1244 1783 1318 1826 καὶ
1344 1781 1473 1838 βάσις

182 1854 229 1897 δὲ
252 1852 372 1909 παρά
400 1858 489 1903 τοῖς
521 1856 747 1908 μουσικοῖς
774 1849 938 1906 λέγεται
984 1849 1033 1893 τό
1060 1849 1227 1893 τιθέναι
1253 1847 1330 1892 τὸν
1357 1849 1527 1896 mma&

92 1921 232 1968 200522
267 1922 432 1976 ῥυθμῷ.
476 1919 580 1963 *καὶ
610 1917 746 1975 βατὴρ
780 1917 805 1962 ὁ
849 1916 982 1968 οὐδός
1033 1913 1107 1972 ἐφ’
1135 1910 1191 1959 οὗ
1226 1914 1300 1959 καὶ
1330 1917 1474 1972 βαίνο-

181 2005 271 2046 μεν,
306 1986 364 2039 ὦς
389 1984 619 2042 Ἀμειψίας,

344 2075 415 2120 ἐπ’
443 2073 575 2119 αὐτὸν
603 2072 720 2130 ἥκεις
752 2069 830 2116 τὸν
858 2073 1024 2128 βατῆρα
1054 2073 1130 2127 τῆς
1154 2069 1307 2127 θύρας.

179 2167 255 2213 καὶ
276 2168 467 2223 βεβῶτας
487 2159 512 2207 ὁ
532 2161 715 2207 Πλάτων
734 2177 778 2204 τε
793 2161 866 2205 καὶ
875 2160 1084 2217 Ξενοφῶν
1101 2159 1284 2216 λέγουσι.
1301 2161 1374 2204 καὶ
1384 2162 1472 2206 δια-

181 2231 366 2291 βατήρια
407 2230 502 2286 ἱερὰ
570 2228 594 2273 ὁ
633 2227 776 2280 αύτός.
821 2229 894 2273 καὶ
928 2226 1362 2284 άποβατήριακέρεῑς.
1400 2229 1528 2272 καὶδο

182 2299 386 2358 διαβατὸς
416 2297 632 2354 ποταμὸς,
661 2298 734 2341 καὶ
762 2296 940 2352 ἄβατος,
976 2294 1168 2339 Πλάτων.
1205 2294 1280 2338 καὶ
1326 2295 1474 2350 διαβά-

179 2386 265 2418 ται.
297 2366 587 2424 Λημοσθένης.
619 2365 692 2409 καὶ
721 2363 940 2420 διαβάτην,
973 2360 1297 2418 Ἀριστοφάνης.
1335 2362 1408 2405 καὶ
1436 2363 1473 2406 ἐ-

181 2437 389 2493 πιβασίαν
423 2434 501 2490 τὴν
545 2435 691 2488 δίκην,
723 2430 964 2487 ’Τπερίδης
1011 2429 1210 2485 ἓπιβασία
1249 2427 1322 2470 καὶ
1354 2426 1387 2484 ἡ
1414 2431 1473 2480 εἰς

183 2504 412 2559 ἀλλότριον
453 2500 577 2547 οἶκον
605 2500 789 2554 ἄναρχος
818 2497 1056 2548 εἰσέλευσις.
1098 2495 1173 2540 καὶ
1190 2528 1192 2530 ψ
1209 2494 1474 2550 ἐπιβατεύων
1511 2542 1513 2544 ,

184 2576 264 2617 τοῦ
292 2568 505 2627 Σμέρδιος
534 2566 766 2624 ὀνόματος,
792 2563 1038 2619 Ἡρόδοτος.
1482 2567 1528 2604 35
