1664 2950
215 90 301 134 224
739 89 815 133 lv.
834 123 836 125 »
873 93 974 138 1⁵6..

217 196 409 256 σχήματα
433 196 636 254 ἀστέρων,
665 199 833 256 δρόμος,
865 201 1077 257 περίοδος,
1102 206 1355 264 περιδρομή,
1387 209 1500 263 φῶς,

130 273 210 317 156
220 266 444 322 ἔλλαμψις
476 265 704 322 ἔκλαμψις,
732 265 866 324 αὐγή,
895 271 1038 326 αἴγλη,
1078 269 1329 331 watonem).
1362 272 1529 331 ἄστρα

215 332 401 415 ἀπλανῆ,
431 331 626 388 στάσιμα,
656 329 914 389 ἀμετάθετα,
943 334 1144 402 ἀκίνητα.
1173 337 1353 397 μόνιμα,
1381 340 1496 397 εστη-

210 399 331 451 κότα,
360 397 603 455 βιαιότερόν
628 414 677 454 γε
703 401 776 444 καὶ
803 399 1014 459 ἀφόρητα.
1041 398 1307 463 πλανωμενα,
1335 407 1408 452 καὶ
1436 407 1495 460 ως

211 466 416 518 Πλάτων,
464 464 676 522 πλανητὰ,
726 467 917 526 φορητὰ,
958 469 1197 552 φερόμενα,
1237 472 1489 530 φορήματα,
1495 475 1522 513 ’5

211 531 531 591 ἀπεριφόρητα,
566 534 906 591 περιφερόμενα,
944 536 1186 593 περιιόντα,
1212 539 1396 593 θέοντα,
1424 555 1495 584 πε-

211 601 441 657 ριθέοντα,
468 601 761 658 στρεφόμενα,
789 603 1171 660 περιστρεφόμενα,
1208 606 1495 664 κυκλούμενα,

207 668 456 725 εἱλούμενα,
491 668 842 726 περιειλούμενα,
881 670 1178 728 περιαγόμενα.
1211 673 1286 717 καὶ
1321 674 1374 718 τά
1411 673 1491 718 ἀπ’

209 736 355 781 αὐτῶν
380 733 606 792 πράγματα
619 768 631 791 ,
660 737 786 794 μονή,
818 737 976 790 στάσις.
1004 737 1058 782 τὰ
1083 736 1167 795 γὰρ
1195 736 1280 784 άπὸ
1308 745 1397 785 τῶν
1422 741 1495 786 ἄλ-

206 809 317 856 λων,
349 802 605 860 φαυλότερα.
647 804 719 849 καὶ
745 805 906 862 πλάνη,
935 806 1076 863 φορά,
1104 807 1336 865 περιφορὰ,
1375 806 1546 860 deamo

204 874 427 928 περίοδος,
471 869 657 927 δρόμος,
695 872 956 930 περιδρομή,
1002 873 1183 931 στροφὴ,
1211 875 1494 932 περιστροφή,

205 939 390 992 κύκλος,
425 937 660 991 κύκλωσις,
698 941 876 996 εἴλησις,
911 943 1191 998 περιείλησις,
1230 941 1488 999 περιαγωγῆ.

122 1007 331 1065 157ἡλίου
374 1004 519 1063 μέτρα.
569 1004 774 1063 *σελήνης
818 1006 1026 1064 σχήματα·
1076 1009 1325 1066 μηνοειδής,
1362 1008 1490 1066 ἀμφί.-

200 1090 382 1132 κυρτος,
415 1072 643 1130 ἡμίτομος,
671 1074 946 1131 πανσέληνος.
976 1073 1189 1132 -ἀνατολή,
1218 1075 1366 1131 δύσις,
1390 1075 1488 1121 ἀνο-

203 1141 284 1200 χή,
335 1138 498 1197 δυσμή,
541 1138 720 1196 ἑσπέρα,
765 1140 942 1197 ἄρκτος,
972 1145 1220 1200 μεσημβρία.
1273 1142 1407 1200 Ἐρεῖς
1439 1142 1541 1188 δ’15

202 1207 460 1259 ἀνατέλλειν,
489 1204 696 1262 ἀνίσχειν,
722 1205 909 1263 ἀνέχειν,
947 1207 1218 1266 ἀναβαίνειν,
1255 1213 1488 1269 προφαίνε-

202 1282 329 1328 σθαι,
360 1273 629 1329 ἀναφαίνειν,
658 1271 945 1331 ἀναλάμπειν,
984 1276 1116 1329 δύειν,
1147 1276 1337 1330 δύεσθαι,
1361 1293 1486 1322 κατα-

198 1343 394 1394 δύεσθαι,
422 1340 538 1386 κάτω
561 1340 715 1397 ῥέπειν,
743 1343 1088 1396 κατακλίνεσθαι,
1119 1341 1387 1399 ἀποκλίνειν,
1418 1360 1486 1402 με-

199 1409 492 1468 σημβριάζειν,
521 1409 629 1464 ’ὑπὲρ
657 1412 847 1465 κεφαλῆς
875 1409 1059 1454 ἑστάναι.
1087 1409 1138 1454 τό
1163 1408 1247 1467 γὰρ
1275 1419 1485 1469 μεσουρα-

195 1483 302 1531 νεῑν,
331 1477 589 1534 Αἰγυπτίων.
605 1475 803 1534 ’Όμηρος
829 1474 872 1521 δ’
900 1474 1007 1521 αύτδ
1036 1480 1202 1534 σεμνῶς
1227 1478 1360 1535 λέγει·
1492 1488 1541 1525 20

317 1561 428 1624 ἦμος
452 1564 497 1611 δ’
524 1564 666 1623 η’έλιος
692 1565 827 1623 μέσον
853 1565 1044 1623 οὐρανὸν
1078 1564 1373 1625 ἀμφιβεβήκει.

110 1656 388 1714 158*Λέγοις
415 1654 459 1700 δ’
488 1653 556 1707 ἀν,
585 1655 659 1699 καὶ
686 1657 909 1707 κλίνοντος
942 1657 1003 1707 εἰς
1029 1653 1083 1699 τά
1109 1655 1377 1715 μεσημβρινά
1403 1661 1487 1721 τοῦ

190 1726 328 1783 ἡλίου,
343 1726 423 1768 τοῦ
433 1726 555 1778 θεοῦ,
571 1726 654 1766 τοῦ
669 1721 840 1779 ἄστρου.
865 1722 938 1766 καὶ
956 1726 1037 1767 τοῦ
1053 1721 1215 1779 ἄστρου
1227 1723 1486 1780 μεσημβριά-

192 1799 354 1847 ζοντος,
366 1794 448 1835 τοῦ
461 1789 622 1845 ἄστρου
640 1790 984 1846 περιφλέγοντος,
994 1792 1076 1833 τοῦ
1092 1787 1216 1845 ἀέρος
1228 1788 1315 1848 ὑπὸ
1328 1795 1479 1847 μεσοῦ-

190 1871 274 1904 σαν
290 1858 369 1916 τὴν
391 1856 556 1915 ἡμέραν
573 1856 847 1911 περιζέοντος.
875 1855 1086 1911 Οὐρανὸς,
1110 1856 1282 1913 κόσμος.
1305 1855 1478 1912 κύκλος,
1489 1859 1534 1909 25

191 1930 343 1981 ζῶναι,
376 1929 460 1979 ζῶα
486 1923 539 1968 τὰ
566 1924 613 1967 ἐν
643 1926 706 1980 τῷ
731 1921 902 1980 κύκλῳ,
932 1922 961 1966 ἃ
990 1925 1034 1967 οἱ
1059 1923 1212 1967 πολλοὶ
1251 1922 1380 1976 ζῶδια
1407 1941 1481 1968 κα-

190 1997 355 2038 λοῦσιν.
387 1990 457 2048 ἀφ’
481 1986 637 2049 ὤνκαὶ
669 1990 878 2043 ζωδιακὸν
905 1988 1066 2034 κύκλον
1092 1991 1165 2033 καί
1191 2004 1279 2033 που
1305 1991 1379 2035 καὶ
1409 1991 1480 2044 ζεό-

195 2078 278 2117 νην
306 2061 510 2116 ἔμπυρον,
540 2058 767 2112 διάπυρον,
795 2055 1016 2115 φλογώδη,
1045 2058 1275 2113 περιφερῆ,
1311 2074 1478 2113 περιπε-

106 2127 443 2187 159φλεγμένην,
476 2125 533 2182 ἣν
561 2125 634 2170 καὶ.
662 2124 998 2180 διακεκαυμένην
1027 2123 1296 2180 ὀνομάζουσι.
1348 2125 1479 2183 *Τήν

193 2197 239 2241 δὲ
257 2192 577 2250 κατεψυγμένην
597 2194 733 2243 εἴποις
752 2191 820 2243 ἂν,
842 2190 1028 2248 κρυώδη,
1051 2190 1268 2248 κρυμώδη,
1292 2193 1474 2249 ψυχράν,
1485 2211 1531 2246 30

118 2282 125 2288 ·
191 2262 380 2319 σκιερὰν,
410 2259 656 2311 κατάσκιον,
687 2256 881 2315 ἀνήλιον,
912 2258 1094 2314 ἄπυρον.
1130 2258 1362 2310 Πλειάδας,
1379 2258 1478 2304 ‘Yoi-
1513 2309 1518 2313 ,

187 2334 286 2384 δας,
313 2329 530 2384 Ὠρίωνα,
554 2326 784 2381 Ἄρκτους,
811 2324 1090 2382 Ἀρκτοῦρον,
1105 2324 1273 2382 ”Οφιν,
1293 2323 1476 2384 Ὀφιοῦ-

186 2414 284 2482 χον,
305 2396 556 2453 Στέφανον,
586 2393 742 2449 ἀστέρα
765 2394 950 2448 Σείριον.
989 2392 1077 2437 Καὶ
1102 2391 1156 2436 τὰ
1179 2392 1476 2452 πολυθρύλλη-

185 2484 240 2511 τα
267 2466 313 2510 έν
338 2468 398 2523 τῷ
434 2462 578 2520 κύκλῳ
617 2460 766 2515 ζώδια,
797 2457 904 2505 καθ’
933 2453 996 2504 ὧν
1031 2461 1075 2504 οἱ
1102 2458 1273 2514 ἀστέρες
1299 2475 1474 2517 περιπο-

189 2533 398 2585 λεύονται.
428 2529 610 2586 ἀστέρες,
641 2531 852 2586 κομῆται,
880 2529 1121 2585 πωγωνίαι,
1151 2529 1340 2584 δοκίδες,
1377 2532 1522 2586 aug-35
