1664 2950
571 197 940 242 PRAEFATIO.
1357 200 1411 242 17

113 324 158 360 et
178 317 263 361 hae
287 314 335 358 in
359 327 411 356 re
439 310 610 356 lectoris
636 311 684 353 in
714 307 987 368 inquirendis
1012 308 1150 352 citatis
1176 307 1410 354 tolleretur

111 372 360 424 fastidium,
396 368 588 434 singulos
623 368 757 410 libros
790 367 840 410 in
875 367 1029 424 plures
1055 363 1292 425 particulas
1319 367 1411 410 mi-

111 443 268 482 nores,
306 441 504 470 numeris
540 424 786 467 minoribus
826 423 883 466 ad
922 436 1047 465 oram
1074 429 1226 465 textus
1253 423 1409 467 Graeci

113 499 250 540 aeque
276 491 321 527 at
351 497 409 525 ue
435 480 579 525 Latini
605 478 849 580 adscrfftis,
878 479 1208 537 dispescuimus,
1236 480 1414 523 omnia-

111 556 200 599 que
225 541 276 584 in
301 555 329 582 o
359 537 676 582 servationibus
702 552 727 579 a
763 543 898 592 egata,
927 549 1041 591 quae
1067 534 1175 578 olim
1202 535 1259 578 ad
1276 536 1413 580 libros

114 605 160 642 et
186 595 329 655 capita
355 602 400 638 at
431 608 487 637 ue
514 593 729 637 sectiones
755 591 1076 642 referebantur,
1106 590 1163 635 ad
1189 602 1414 649 segmenta

115 653 209 713 (sic
240 652 359 696 enim
425 649 684 693 istinctionis
712 662 843 692 causa
869 648 1094 712 appellare
1120 661 1191 691 eas
1218 649 1414 707 placuit)

113 708 433 755 revocavimus.
490 707 551 750 Et
585 707 646 749 sic
680 704 861 763 quidem
899 718 1015 747 circa
1050 711 1224 748 textum
1260 706 1414 764 ipsum.

115 765 414 810 versabamur.
471 763 678 805 Ceterum
716 761 832 818 quod
867 760 958 804 iam
985 759 1312 805 observationes
1340 770 1416 805 at-

115 823 254 872 tinet,
284 828 415 886 atque
440 819 527 862 alia
554 817 767 868 subsidia,
795 816 952 875 quibus
1011 825 1210 861 raeterea
1237 818 1306 861 usi
1333 833 1415 861 su-

114 893 230 930 mus,
258 877 315 919 de
340 876 396 920 lis
421 875 644 931 sequentia
674 874 836 933 accipe.
891 875 960 916 De
992 874 1108 916 imus
1133 874 1299 917 scilicet
1326 890 1416 917 no-

115 943 184 978 tas
210 933 360 978 Seberi
388 939 432 975 et
458 930 690 975 Gualtheri
726 931 879 987 quales
905 930 954 972 in
982 930 1134 974 Seberi
1160 930 1414 974 invenimus

117 989 308 1034 editione
334 988 547 1045 integras,
587 986 757 1045 priores
791 985 1032 1038 nimirum,
1074 994 1119 1028 et
1144 987 1416 1045 posteriores

119 1047 178 1090 ad
204 1045 620 1104 interpretationem.
678 1043 825 1099 thue
859 1058 911 1085 eo
944 1043 1117 1086 facilius
1145 1044 1416 1101 typographi

119 1102 271 1154 παῖδες
296 1100 491 1159 quaesita
516 1099 783 1152 invenirent,
810 1099 1032 1163 prioribus
1059 1100 1174 1143 notis
1203 1100 1302 1143 Seb.
1329 1115 1418 1158 po-

119 1157 375 1202 sterioribus
412 1155 509 1200 Seb.
547 1162 587 1202 2.
638 1155 924 1198 distinctionis
970 1170 1099 1199 causa
1135 1157 1181 1199 in
1221 1157 1416 1213 catalogo

120 1222 332 1259 notarum
357 1213 687 1270 adscripserant,
715 1211 935 1268 simulque
964 1220 1016 1256 ut
1044 1227 1147 1255 cum
1175 1213 1223 1255 in
1251 1214 1420 1269 priori-

120 1271 230 1324 bus,
269 1278 364 1314 tum
403 1284 514 1312 vero
551 1267 869 1326 posterioribus
903 1283 994 1311 non
1030 1269 1115 1311 nisi
1150 1269 1304 1313 Seberi
1331 1285 1418 1312 no-

122 1341 255 1381 men,
289 1324 450 1369 omisso
478 1339 662 1368 numero
690 1323 896 1378 denario,
945 1324 1066 1383 typis
1104 1325 1416 1378 exscriberem,

122 1397 397 1428 monueram.
474 1381 642 1426 Verum
690 1380 823 1424 etiam
857 1380 1007 1425 invitis
1042 1381 1189 1436 nobis,
1240 1390 1287 1425 et
1323 1381 1422 1426 fere

123 1453 219 1483 non
246 1437 407 1495 ubique
433 1437 508 1480 hic
534 1451 748 1480 numerus
772 1437 971 1496 irrepsit,
1006 1444 1050 1479 et
1077 1438 1251 1481 additus
1280 1437 1335 1480 ab
1365 1454 1423 1481 o-

124 1495 247 1554 peris
279 1494 327 1537 in
363 1492 555 1536 editione
592 1493 677 1535 hac
704 1494 956 1549 permansit.
1014 1494 1092 1536 His
1119 1495 1274 1538 Seberi
1302 1496 1422 1537 curis

128 1549 463 1609 superaddimus
528 1549 892 1591 commentarium
956 1549 1229 1592 luculentum
1289 1557 1424 1614 atque

0 1592 2 1616 ⁵
128 1612 423 1666 perpetuum,
456 1618 539 1647 nec
565 1617 775 1668 unquam·
791 1603 976 1668 antehac
1002 1605 1168 1648 editum
1196 1605 1426 1649 clarissimi

0 1619 8 1714 i
130 1661 274 1706 nostri
300 1660 509 1705 Iohannis
536 1659 744 1703 loachmu
771 1660 979 1712 Kuehnii,
1010 1661 1116 1703 dum
1144 1662 1315 1705 viveret
1341 1664 1425 1706 Ar-

160 1717 350 1762 entorati
393 1717 662 1772 Linguarum
703 1715 995 1758 Orientalium
1034 1716 1290 1761 professoris
1333 1719 1427 1761 Pu·-

165 1773 238 1818 lici
267 1781 398 1830 atque
424 1771 647 1815 Ordinarii
661 1802 674 1819 .
702 1770 938 1814 decessoris
966 1772 1056 1815 mei
1082 1781 1216 1830 atque
1243 1789 1429 1831 praece-

4 1848 14 1870 ‘
132 1826 1100 1933 ptogigmaesggffiffissmgujmgssgnffi
1127 1845 1199 1873 ‘⁶⁸
1231 1830 1430 1874 ¹³²⁶¹'⁸¹'³⁸

7 1871 24 2028 ζ
133 1902 218 1987 ¹tilm
244 1941 307 1986 lin
321 1900 440 1994 agiae,
480 1939 778 2004 strepentibus
803 1940 908 1983 licet
935 1916 980 1984 ei:
1006 1901 1432 1999 ringztffibffiaflslffi-

15 2038 22 2062 ¹
137 1999 230 2047 dis.
257 1998 311 2040 de
343 2004 436 2048 eat,
465 1996 659 2039 eruditus
682 1996 824 2039 lector
849 2011 905 2039 ex
933 1997 1025 2040 eius
1052 1998 1223 2064 scriptis
1250 2000 1432 2057 reliquis

134 2055 232 2114 ipse
259 2052 520 2112 perpendet,
559 2061 603 2095 et
635 2052 987 2110 incomparabilis
1025 2054 1096 2097 hic
1131 2070 1178 2098 m
1207 2055 1502 2106 Pollucem=15

0 2092 29 2132 ’Ἀ
134 2111 262 2155 labor
297 2108 472 2153 abunde
509 2107 760 2151 declarabit.
832 2109 947 2151 Usus
985 2118 1079 2153 erat
1106 2110 1178 2154 hic
1205 2111 1278 2154 vir
1306 2127 1438 2169 prae-

17 2130 35 2222 ἱ
141 2165 410 2210 clarissimus
437 2165 484 2207 in
511 2164 798 2210 emaculando
821 2165 999 2208 Polluce
1014 2174 1146 2221 atque
1173 2167 1439 2225 explicando

20 2240 28 2272 q
140 2222 356 2280 excerptis
393 2220 551 2263 codicis
578 2221 802 2273 Vossiani,
839 2236 950 2277 quae
988 2221 1250 2266 bibliotheca
1286 2224 1441 2281 publi-

30 2276 39 2293 ''
142 2293 199 2322 ca
224 2276 526 2335 Lugdunensis
553 2278 703 2321 Batav.
743 2292 846 2320 cum
875 2277 971 2320 aliis
998 2281 1232 2335 κειμηλίοις
1260 2280 1443 2345 egregiis

143 2341 358 2384 asservat,
413 2340 458 2375 et
504 2333 722 2390 excerptis
762 2333 945 2385 valesii,
990 2343 1034 2378 et
1088 2336 1248 2378 codicis
1290 2336 1443 2393 scripti

144 2387 487 2446 Antwcrpiensis
512 2397 645 2445 atque
671 2397 900 2445 praeterea
926 2389 992 2444 iis,
1022 2404 1137 2446 quae
1166 2391 1443 2434 doctissimus

147 2445 214 2489 cl.
258 2444 492 2488 Salmasius
532 2445 670 2487 codici
697 2461 778 2488 suo
816 2460 872 2487 ex
908 2447 1042 2489 variis
1079 2462 1215 2490 mauu
1253 2448 1444 2491 exaratis

12 2503 22 2532 ¹
147 2500 270 2546 libris
299 2508 430 2557 atque
457 2500 630 2557 iugenio
657 2501 918 2557 quandoque
946 2503 1247 2560 adscripserat.
1295 2504 1447 2562 Quem

8 2555 41 2605 1³2·
151 2557 354 2601 Salmasii
389 2555 584 2598 codicem
620 2571 722 2599 cum
757 2558 805 2599 in
843 2557 1012 2600 edendo
1046 2559 1223 2602 Polluce
1259 2575 1449 2617 occupa-

13 2610 25 2630 '‘
153 2627 249 2665 rer,
283 2611 591 2656 celeberrimus
618 2613 691 2654 vir
718 2614 814 2655 Ioh.
845 2613 1060 2670 Georgius
1089 2616 1333 2665 Graevius,
1402 2630 1450 2657 ro

17 2681 25 2702 ν
155 2668 361 2724 singulari
398 2682 500 2720 suo,
541 2682 629 2725 quo
657 2682 759 2726 erga
785 2670 934 2714 Musas
961 2671 1248 2715 humaniores
1277 2672 1370 2715 fere
1402 2685 1454 2712 a-

0 2710 13 2950 h?
36 2736 40 2776 ζ
201 2745 325 2780 Pollux
351 2745 429 2781 Vol·
453 2748 484 2780 1.
1156 2739 1184 2780 b
