1664 2950
193 576 246 617 44

265 147 320 189 90
537 148 1292 192 wochANGrsEBEnx

444 558 500 601 Ιιι
529 557 773 601 editionem
799 558 1220 620 Francofurtanam
1251 569 1368 612 1608.

546 648 972 695 WOLFGANGI
1022 651 1265 696 SEBERI

331 739 1468 822 *PRAEFAT-IO.

593 849 1082 902 LECTORI
1158 850 1208 899 S.

258 948 595 1027 Onomasticon
622 984 737 1027 Iulii
761 983 1087 1037 Pollucimer,
1115 985 1234 1040 quod
1262 984 1412 1041 sciam,
1439 986 1546 1030 hac-

248 1047 376 1082 tenus
432 1055 642 1082 excusum
687 1041 792 1084 fuit:
843 1041 988 1097 primo
1042 1041 1219 1096 quidem
1261 1057 1378 1084 anno
1423 1049 1544 1089 1502.

249 1111 399 1139 mense
454 1097 596 1154 Aprili
644 1098 761 1154 apud
809 1097 971 1140 Aldum
1030 1097 1303 1140 Manutium:
1349 1100 1543 1141 secundo

248 1152 497 1196 Florentiae
525 1169 642 1195 anno
674 1159 793 1199 1520.
825 1168 975 1196 mense
1001 1153 1262 1196 Novembri:
1312 1154 1440 1196 tertio
1470 1156 1545 1197 de-

239 1210 381 1263 “nique
407 1209 597 1251 Basileae
624 1225 740 1251 anno
774 1215 894 1255 1536.
923 1224 1076 1250 mense
1103 1209 1280 1251 Martio.
1321 1211 1543 1268 Quartam

248 1266 485 1307 editione-m
526 1281 625 1307 meo
653 1266 954 1308 adornandam
985 1264 1131 1308 studio
1160 1280 1252 1307 non
1281 1266 1356 1308 diu
1383 1267 1544 1309 admo-

246 1322 353 1363 dum
383 1329 468 1373 est,
508 1337 606 1363 cum
639 1337 692 1363 ne
722 1337 797 1378 per
825 1322 1048 1363 somnium
1077 1321 1255 1376 quidem
1285 1322 1542 1378 cogitabam.

243 1378 303 1420 Et
331 1378 408 1432 qui
437 1378 702 1434 cogitarem,
732 1377 919 1421 Pollucis
947 1392 1038 1419 non
1068 1385 1241 1420 tantum
1269 1394 1295 1420 a
1323 1394 1394 1421 me
1422 1394 1544 1422 nun-

244 1449 377 1489 quam
407 1434 478 1475 vel
508 1434 672 1490 pagella
701 1441 950 1491 conspectam
981 1433 1055 1474 sed
1083 1433 1261 1476 videndi
1289 1449 1464 1491 quoque
1491 1436 1542 1478 in

242 1498 469 1548 posterum
508 1491 629 1531 nulla
658 1504 795 1547 prope
821 1503 898 1545 spe
925 1489 1189 1546 affulgente3
1228 1491 1337 1533 adeo
1381 1491 1543 1534 biblio-

242 1546 384 1604 polia,
435 1560 804 1602 quorumcunque
840 1545 956 1588 fores
992 1561 1044 1587 eo
1082 1546 1262 1589 nomine
1295 1547 1540 1611 pulsaban,

242 1602 568 1658 exemplaribus
605 1603 698 1644 eius
738 1602 956 1644 exhausta
993 1609 1131 1645 erant.
1199 1602 1540 1658 Obtlngentibus

241 1666 390 1699 autem
433 1666 585 1714 postea
620 1673 710 1700 non
747 1658 879 1700 modo
915 1657 1096 1700 diversis
1134 1659 1458 1716 exemplaribus
1494 1667 1538 1702 et

238 1713 617 1770 interpretatione,
648 1713 721 1754 sed
752 1728 889 1756 manu
917 1714 1050 1755 etiam
1079 1714 1267 1756 exaratis
1294 1714 1529 1767 codicibus,

237 1770 291 1811 ad
331 1769 600 1811 moliendam
639 1769 818 1822 quidem
856 1783 1015 1810 novam
1054 1769 1292 1812 editionem
1330 1770 1531 1813 animum

236 1825 547 1881 adiungebam,
589 1825 664 1866 sed
695 1840 746 1867 ea
773 1825 1040 1867 moliendam
1069 1824 1263 1878 ratione,
1306 1840 1420 1881 quae
1451 1841 1533 1870 neo

235 1896 335 1924 cum
364 1896 523 1936 magna
551 1880 784 1922 coniuncta
812 1880 1077 1928 difficultate,
1106 1895 1189 1923 nec
1209 1881 1399 1924 multum
1419 1890 1532 1924 tem-

233 1937 353 1994 poris
381 1937 646 1993 requisitura
673 1937 745 1979 vel
771 1936 919 1978 iudicii
949 1936 1190 1980 videbatur.
1263 1937 1379 1980 Satis
1408 1938 1528 1982 enim

232 1993 330 2036 fore
364 1992 576 2049 putabam
618 1991 655 2034 si
689 1993 837 2050 primo
873 1992 1276 2049 interpretationem
1306 1993 1530 2042 Gualthe-

231 2049 401 2093 rianam
433 2063 532 2090 cum
561 2055 688 2090 textu
717 2048 886 2091 Graeco
913 2063 1116 2090 curarem
1145 2049 1373 2104 coniungi=
1405 2050 1529 2093 dein-

233 2106 289 2148 de
315 2105 363 2148 in
393 2104 608 2160 margine,
653 2105 728 2146 vel
757 2112 875 2146 certe
903 2105 955 2146 ad
986 2104 1116 2147 finem
1147 2105 1421 2161 singulorum
1449 2121 1528 2148 ca-

211 2162 391 2219 pitum,
419 2167 635 2216 quantum
669 2160 722 2202 ab
754 2160 878 2202 editis
905 2159 1031 2203 MSS.
1061 2160 1182 2204 codd.
1214 2161 1526 2219 discreparent,

231 2217 518 2261 ascriberem:
562 2231 613 2258 ac
642 2216 821 2258 demum
851 2216 1015 2258 indices
1042 2217 1295 2260 Basileensis
1324 2218 1526 2261 editionis

230 2274 386 2315 saltem
424 2272 603 2314 mutatis
640 2270 843 2315 numeris
880 2273 933 2314 ad
973 2287 1137 2314 novam
1175 2271 1407 2316 editionem
1447 2289 1526 2317 ae-

232 2329 587 2372 commodarem:
626 2328 843 2371 alliciente
879 2328 1058 2371 interim
1097 2329 1386 2385 animumque
1413 2330 1525 2373 mihi

230 2385 418 2428 addente
444 2399 521 2441 spe
549 2383 719 2426 fructus
733 2413 747 2433 ,
775 2383 849 2440 qui
882 2391 923 2426 et
950 2384 1002 2426 ad
1033 2399 1125 2438 me,
1165 2384 1200 2427 si
1228 2399 1365 2427 manu
1391 2386 1522 2428 illum

227 2441 390 2484 librum
427 2441 672 2483 strenuiore
708 2455 952 2493 versarem,
1004 2447 1048 2482 et
1090 2441 1145 2482 ad
1193 2440 1369 2496 quosvis
1415 2442 1523 2484 alios

229 2496 499 2554 φιλέλληνας,
528 2496 563 2538 si
590 2495 760 2552 legendi
792 2496 883 2538 eius
911 2497 1037 2553 copia
1065 2496 1168 2554 ipsis
1195 2497 1336 2550 fieret,
1364 2497 1520 2540 redun-

228 2555 412 2595 daturus
440 2559 562 2594 esset.
616 2554 785 2596 Verum
821 2552 1108 2595 usuveniebat
1145 2552 1277 2604 mihi,
1319 2553 1438 2609 quod
1465 2553 1519 2595 iis

228 2622 564 2664 nonnunquam,
591 2608 667 2667 qui
697 2622 814 2652 nova
839 2608 924 2653 sibi
951 2607 1147 2653 aedificia
1172 2615 1344 2667 parant·
1398 2608 1521 2654 Sicut
