1670 3008
244 146 328 188 214
806 146 858 185 X.
878 175 881 177 »
914 148 983 190 52.

245 269 358 310 γραν
384 247 565 298 καλοῦσι
583 253 662 304 τὴν
686 253 900 313 ἆρπάγην,
929 257 1056 314 δηλοῖ
1079 256 1126 301 ἐν
1151 256 1548 315 Ἐκκλησιαζούσαις

246 320 556 378 Ἀριστοφάνης
582 322 732 378 λέγων,

329 390 371 432 τί
401 391 509 446 δῆτα
537 389 752 447 κρεάγρας
783 396 876 444 τοῖς
897 390 1049 443 κάδοις
1078 389 1286 449 ῶνοίμεθ’
1315 391 1384 438 ἅν.

187 507 245 547 32
539 505 1154 548 *KEQAAAION
1210 507 1260 548 Z.

277 580 387 636 Περὶ
413 582 502 625 τῶν
529 581 616 637 πρὸ
643 586 724 626 τοῦ
751 585 960 632 κοιτῶνος
989 585 1166 636 σκευῶν,
1194 581 1242 626 ἐν
1269 579 1306 642 ᾦ
1331 582 1406 627 καὶ
1434 586 1520 627 κλι·
1544 595 1578 638 ,5

783 653 876 694 νῶν
902 649 1024 693 ἰδέαι.
1116 697 1120 702 ,

361 726 458 782 Πρὸ
488 727 568 784 μὲν
596 722 679 772 οὖν
706 732 788 773 τοῦ
812 731 1022 779 κοιτῶνος
1062 728 1132 772 ἐπὶ
1165 732 1259 780 ταῖς
1282 726 1443 782 θύραις
1476 743 1555 772 πα·

251 794 590 852 ραπετασμάτων
644 806 714 839 σοι
751 798 838 847 δεῖ,
879 797 961 840 εἴτε
1010 793 1184 839 άπλοῦν
1219 797 1284 853 εἴη
1307 794 1374 839 τὰ
1419 810 1555 852 παραῑ

250 863 443 918 πέτασμα
488 863 647 906 λευκὸν
685 862 729 915 ἐξ
767 860 952 918 ὀθόνης,
991 865 1084 907 ἐἴτε
1131 863 1204 908 καὶ
1245 861 1477 920 τρίχαπτόν
1513 879 1556 906 τι

250 928 441 985 βαπτὸν,
488 930 570 974 εἴτε
604 928 877 989 πολύχρουν,
917 927 990 986 ἐφ’
1041 925 1098 974 οὗ
1143 929 1456 988 Ἀριστοφάνης
1501 927 1556 973 ἄν
1566 933 1610 968 10

251 999 382 1050 εἴποι,

333 1063 383 1109 τό
412 1065 725 1121 παραπέτασμα
751 1064 957 1121 Κύπριον
981 1063 1032 1110 τὸ
1060 1067 1273 1111 ποικίλον.

251 1132 299 1176 ἐν
332 1132 377 1176 δὲ
414 1135 475 1190 τῷ
513 1135 689 1176 κοιτῶνι
727 1134 795 1176 δεῖ
827 1133 908 1189 μὲν
943 1131 1057 1177 εἶναι
1095 1134 1169 1178 καὶ
1197 1135 1352 1192 κλίνην
1376 1133 1502 1187 τινά,
1526 1135 1557 1192 ἢ

249 1201 486 1251 κλινίδιον,
517 1199 574 1251 ὠς
602 1200 649 1244 ἐν
675 1199 950 1258 Λυσιστράτῃ
987 1198 1321 1258 Ἀριστοφάνης·
1359 1201 1388 1258 ἢ
1414 1199 1557 1246 κλινά-

252 1283 373 1322 ριον,
411 1265 469 1318 ὥς
498 1267 544 1310 ἐν
578 1271 886 1311 Δαιταλεῦσιν·
924 1266 954 1323 ἢ
993 1269 1187 1321 κλινίδα,
1225 1267 1285 1320 ὥς
1325 1267 1372 1311 ἐν
1404 1266 1623 1312 ’osvo-15-

192 1345 243 1384 33
256 1338 376 1378 σεῦσι
403 1337 634 1388 Κρατῖνος.
664 1334 765 1378 *ἐπὶ
795 1334 841 1378 δὲ
870 1338 958 1378 τῶν
984 1339 1143 1378 κλινῶν
1171 1332 1421 1387 άκουστέον,
1451 1333 1557 1378 ὅταν

251 1406 329 1459 φῇ,
358 1404 401 1446 οί
428 1401 474 1446 δ’
518 1399 830 1455 άλυσκάζουσιν
865 1401 934 1444 ἐπὶ
963 1406 1057 1453 ταῖς
1084 1402 1288 1445 κλινίσιν·
1327 1399 1382 1444 οὐ
1409 1401 1559 1457 μέντοι

251 1469 395 1526 άγνοῶ
431 1469 496 1514 ὅτι
533 1469 668 1520 κλινὶς
705 1468 894 1512 ἐκαλεῖτο
930 1467 979 1512 τὸ
1015 1468 1084 1512 ἐπὶ
1125 1472 1201 1525 τῆς
1237 1466 1399 1526 ἁμάξης
1432 1485 1559 1513 κατα-

253 1535 598 1592 στρωννύμενον,
628 1536 735 1580 ὅταν
762 1537 937 1591 μετίωσι
963 1534 1041 1588 τοὶς
1067 1535 1256 1594 νύμφας,
1289 1533 1364 1592 ἐφ’
1401 1530 1458 1580 οὗ
1485 1535 1559 1580 κά-

250 1610 380 1661 θηται
406 1603 433 1660 ἡ
457 1603 608 1660 νύμφη
637 1602 792 1660 μεταξύ
833 1606 915 1647 τοῦ
946 1601 1142 1659 παρόχου
1171 1619 1216 1647 τε
1242 1604 1317 1647 καὶ
1341 1606 1424 1647 τοῦ
1448 1619 1550 1660 νυμι·
1566 1610 1614 1659 20

253 1674 380 1729 φίου·
421 1676 612 1716 καλεῖται
649 1671 695 1715 δὲ
723 1669 771 1715 τὸ
799 1672 1014 1715 κλινίδιον
1065 1670 1139 1714 καὶ
1175 1669 1446 1728 κλιντήρων,
1500 1669 1560 1722 ὥς

252 1740 299 1784 ἐν
335 1738 597 1796 Διοναυάγῳ
643 1736 954 1795 Ἀριστοφάνης
1001 1737 1109 1794 ἔφη,
1154 1739 1197 1782 τί
1230 1754 1282 1795 με
1321 1733 1357 1782 ὦ
1394 1737 1557 1794 πονηρὲ

190 1820 242 1858 34
254 1807 452 1860 ἐξορίζεις
481 1806 623 1858 ὥσπερ
652 1805 912 1862 κλιντήριον.
942 1805 1072 1863 *μέρη
1101 1804 1148 1849 δὲ
1175 1807 1335 1862 κλίνης,
1366 1804 1440 1855 καὶ
1467 1802 1559 1860 ἐνή-

249 1877 376 1925 λατα,
424 1874 498 1917 καὶ
536 1874 824 1929 ἐπίκλιντρον·
874 1872 924 1917 τὸ
959 1873 1107 1929 μέντοι
1152 1873 1424 1925 ἐπίκλιντρον
1466 1869 1556 1915 ὑπὸ

246 1938 582 1995 Ἀριστοφάνους
610 1940 850 1996 εἰρημένον.
906 1943 1140 1997 Σοφοκλῆς
1173 1937 1222 1982 δ’
1251 1938 1299 1982 ἐν
1324 1936 1610 1994 Ἰχνευταῖς25

248 2006 470 2060 Σατύροις
503 2006 608 2062 ἔφη,
648 2007 830 2063 ἐνήλατα
873 2006 979 2059 ξύλα
1014 2008 1236 2062 τρίγομφα
1276 2006 1558 2060 διατορεῦσαί

250 2085 296 2118 σε
322 2076 468 2117 δεῖται.
499 2075 589 2128 ε’ίδη
620 2074 665 2117 δὲ
693 2075 851 2130 κλίνης,
882 2071 1172 2128 άργυρόπους,
1201 2070 1467 2126 παράπυξος,
1497 2071 1558 2123 ὦς

249 2141 296 2184 ἐν
333 2144 394 2197 τῷ
423 2139 840 2198 Διονυσαλεξάνδρῳ
877 2142 1125 2194 Κρατίνου,
1169 2140 1321 2195 κλίνην
1347 2155 1391 2182 τε
1420 2139 1558 2195 παρά-

247 2210 405 2260 πυξον·
444 2207 519 2251 καὶ
558 2205 846 2262 άμφίκολλος,
888 2207 1003 2251 οὕτω
1031 2207 1116 2260 γάρ
1146 2205 1226 2262 τὴν
1251 2211 1558 2264 κατακεκολλη-

248 2275 382 2332 μένην
410 2272 638 2331 ὠνόμασεν
665 2274 711 2317 ἐν
737 2281 831 2326 ταῖς
854 2274 1045 2329 Ἑορταῖς
1073 2273 1271 2326 Πλάτων,
1566 2285 1613 2321 30

333 2343 475 2386 ἔπειτα
502 2342 654 2396 κλίνην
681 2340 954 2397 άμφίκολλον
981 2341 1174 2398 πυξίνην.

185 2409 342 2461 35*σύ
372 2408 412 2453 δ’
453 2408 509 2452 ἂν
547 2408 621 2452 καὶ
649 2408 930 2465 ἐλεφαντίνην
959 2411 1117 2460 εἴποις,
1147 2408 1220 2451 καὶ
1247 2407 1455 2465 χελώνης,
1483 2409 1559 2452 καὶ

250 2475 550 2533 σφενδάμνου,
580 2475 653 2519 καὶ
682 2477 1022 2531 σφενδάμνίνην·
1058 2474 1368 2533 Ἀριστοφάνης
1394 2474 1480 2531 γὰρ
1509 2475 1561 2519 ἐν

245 2543 519 2600 Ἀχαρνεῦσιν
547 2544 686 2598 εἴρηκε
715 2541 1045 2598 σφενδάμνινοι·
1088 2540 1196 2586 duo}
1233 2544 1306 2586 καὶ
1346 2544 1558 2598 σκίμπους

251 2615 339 2655 τῶν
364 2611 489 2654 ἔνδον
518 2613 708 2660 σκευῶν,
745 2609 792 2662 ὃς
820 2610 889 2654 καὶ
922 2608 1139 2666 άσκάντης,
1172 2610 1285 2653 ἐστὶν
1322 2609 1611 2666 εἰρημένος,35
