1664 2950
214 71 300 120 104
750 66 837 108 vn.
899 72 992 114 172.

216 180 392 225 ἔσεσθαι
427 175 620 235 κτήματα
658 176 852 236 σώμασι,
888 178 936 226 έν
974 181 1138 240 Τιμαίῳ
1179 181 1377 227 mnium.
1419 184 1531 230 πιλόι

215 264 302 297 ται,
335 248 597 304 συμπιλίται,
623 246 814 304 πιλῃτὴς,
842 248 1003 301 πιλίον,
1036 251 1302 307 συμπίλησις,
1334 251 1530 302 πίλωσις,

217 316 421 362 πιλίδιον.
469 312 523 360 οὐ
549 313 689 372 μόνον
717 314 765 359 δὲ
804 312 829 359 ὁ
857 314 926 359 ἐπὶ
950 319 1039 360 τῶν
1071 319 1274 375 κεφαλῶν
1289 317 1532 373 ..ἐπιτιθέμε-

214 399 298 436 νος
333 387 462 446 πῖλος
490 381 629 434 οὕτως
655 382 866 435 ἐκαλεῖτο,
906 381 1030 427 ἀλλὰ.
1054 385 1128 429 καὶ
1157 383 1183 438 ὁ
1208 385 1310 440 περὶ
1336 389 1429 436 τοῖς
1451 399 1528 429 πο·

219 451 312 503 σὶν,
354 450 414 503 ὥς
451 453 579 509 δηλοῖ
608 453 825 508 Κρατῖνος
861 449 909 494 ἐν
936 454 1212 504 Μαλθακοῖς.
1236 451 1396 509 λέγων,
1434 456 1559 496 λεν-5

133 526 215 568 172
226 518 335 572 κούς
362 516 452 563 ὑπὸ
480 518 611 578 ποσὶν
639 519 748 575 ἔχων
775 519 944 570 πίλους.
971 518 1027 564 *6
1055 519 1102 564 δὲ
1129 518 1314 565 Πλάτων
1340 519 1390 573 ἐν
1415 523 1535 576 Συμ-

218 590 360 648 ποσίῳ
399 588 474 634 καὶ
517 587 756 643 ἀρνακίδας
793 591 886 639 τοῖς
921 588 1063 638 πίλοις
1097 586 1536 644 προστίθησιν,.,ένει·

220 656 436 714 λιγμένων
483 654 586 706 τούς
626 653 768 706 πόδας
809 655 869 706 εἰς
903 656 1061 712 Απίλους
1095 671 1141 699 τε
1175 654 1250 699 καὶ
1289 653 1535 710 α’ρνακίδας.

220 722 441 776 Πλοκεύς,
469 722 661 772 πλέκων.
703 721 985 778 συμπλέκων,
1023 721 1250 780 πλεκτικὴι,
1290 720 1526 772 πλεκτικὸς,

219 795 477 844 πλεκτικῶς,
506 789 695 846 πλέγμα,
724 788 877 846 πλοκὴ,
907 788 1160 847 συμπλοκὴ,
1190 789 1439 847 περιπλοκὴ.
1468 805 1536 833 πε·
1547 802 1591 835 10

225 858 426 917 ριπλέκει,
457 856 687 911 διαπλέκει,
720 854 1046 902 ἀντιδιαπλέκει.
1074 856 1273 910 πλόκιον,
1300 855 1538 913 πλόκανον,

223 926 535 984 πεπλεγμένον,
573 925 647 970 καὶ
675 924 730 970 τὰ
759 923 903 981 ὅμοια.
942 925 1117 982 χηλινὸν
1153 926 1201 971 δὲ
1243 924 1401 982 ἄγγος,
1442 924 1542 982 ἔχον

224 993 452 1051 πυθμένας
487 993 634 1038 ἑλείων
671 994 877 1045 σελίνων,
915 992 1021 1037 ὅταν
1059 995 1157 1051 εἴπῃ
1195 992 1462 1050 Ἀνακρέων,
1489 991 1561 1037 τὰ

138 1063 218 1104 173
227 1063 275 1107 ἐκ
303 1063 506 1118 σχοινίων
541 1061 709 1117 πλέγμα
738 1062 875 1117 δηλοῖ.
923 1062 1025 1105 *καὶ
1053 1062 1184 1116 ῥίπας
1210 1061 1394 1115 πλέκειν,
1425 1060 1542 1105 ἔστιν

226 1132 382 1183 εἰπεῖν,
433 1129 508 1174 καὶ
544 1131 757 1185 σπυρίδας
805 1126 988 1173 πλέκειν.
1035 1128 1180 1184 ἕτερον
1202 1127 1298 1186 γὰρ
1341 1128 1370 1186 ἡ
1391 1129 1540 1184 fluxis.
1554 1141 1596 1177 15

227 1197 338 1242 ἄλλά
376 1198 452 1242 καὶ
480 1197 780 1253 σπυρίδωνας,
808 1195 884 1239 καὶ
913 1197 1152 1252 φορμίδας,
1179 1196 1255 1240 καὶ
1284 1197 1540 1252 φορμίσκια,

225 1266 301 1311 καὶ
331 1265 628 1322 φορμίσκους,
657 1263 730 1307 καὶ
758 1261 1000 1320 ταλάρους,
1029 1263 1104 1314 καὶ
1131 1264 1439 1319 καλαθίσκους,
1467 1262 1543 1307 καὶ

227 1330 428 1388 ταρσούς.
459 1332 546 1375 ἔστι
573 1331 620 1375 δὲ
646 1328 892 1387 καλάμινον
918 1330 1108 1387 πλέγμα,
1138 1329 1215 1388 ἐφ’
1258 1327 1314 1377 οὗ
1341 1330 1447 1384 τούς
1469 1331 1546 1388 ²57-
1592 1354 1595 1357 ·
1659 1311 1664 1353 ί

229 1399 339 1457 ροὺς
376 1398 603 1456 έξήραινον
648 1397 824 1453 τυρούς.
884 1397 943 1442 Τὸ
993 1397 1040 1442 δὲ
1075 1397 1143 1443 ἐπὶ
1183 1402 1239 1456 τῇ
1278 1397 1408 1452 ψύξει
1452 1402 1545 1445 ,τῶν

230 1467 378 1513 σύκων
414 1467 602 1523 πλέγμα,
641 1464 810 1521 τρασιά.
851 1467 988 1518 εἴποις
1023 1464 1066 1510 δ’
1107 1465 1188 1519 ἄν,
1223 1465 1396 1512 πλέκειν
1421 1467 1602 1523 κοφί-Ξο
1660 1477 1664 1487 “

143 1553 364 1598 174νους,
394 1533 644 1591 σωράκους,
673 1531 908 1589 άρῤίχους,
935 1512 1148 1590 *φερνία,
1186 1532 1409 1591 λάρκους,
1436 1550 1563 1592 φορ-

233 1604 368 1667 μούς,
398 1603 636 1659 σπυρίδας,
667 1602 896 1657 σπυρίδια,
928 1603 1184 1658 σπυρίχνια,
1211 1601 1420 1658 ταρπους,
1446 1600 1549 1658 τάρ

231 1689 333 1725 πας,
366 1672 614 1726 συρίσκους.
651 1670 785 1713 θολία
814 1666 858 1712 δ’
898 1668 1087 1713 ἐκαλεῖτο
1115 1669 1284 1726 πλέγμα
1309 1686 1352 1714 τι
1377 1674 1548 1716 θολοει-

234 1741 319 1794 δες,
360 1734 395 1797 ᾧ
435 1737 531 1782 ἀντὶ
568 1738 767 1781 σκιαδίου
810 1735 999 1792 ἐχρῶντο
1051 1737 1098 1780 αἱ
1132 1741 1346 1793 γυναῖκες.
1383 1735 1460 1780 καὶ
1493 1733 1544 1783 τὸ

234 1806 434 1853 σκιάδιον
456 1803 502 1849 δέ
523 1803 673 1848 ἐστιν’
655 1819 702 1847 εν
714 1802 873 1860 χρήσει.
902 1804 976 1848 καὶ
987 1803 1294 1861 σκιαδοφόροι,
1316 1803 1390 1848 και
1406 1803 1543 1849 ἑσκια-
1555 1813 1601 1849 25

233 1874 430 1931 δοφόρει.
454 1872 529 1916 καὶ
545 1868 770 1927 σκιὰς,’ὑφ’
789 1865 819 1927 ᾖ
849 1869 873 1914 ὁ
890 1869 1106 1922 Διόνυσος
1131 1870 1329 1929 κάθηται.
1358 1870 1434 1916 καὶ
1460 1871 1547 1914 σκί-
1599 1867 1602 1870 ’

234 1958 293 1999 ρα
322 1939 461 1997 ἑορτή.
497 1937 742 1993 πλόκαμος,
778 1938 1012 1996 πλοκαμὶς,
1041 1938 1280 1997 πλεκτάνῃ,
1319 1939 1394 1984 καὶ
1429 1938 1549 1984 πυτί-

233 2025 316 2061 νας
341 2006 534 2059 πλέκειν,
573 2005 645 2050 καὶ
674 2003 905 2061 ταλάρους.

150 2117 231 2162 175
244 2121 390 2177 *Περὶ
416 2118 696 2176 τυροκομίας,
717 2114 911 2172 ταλάρου
938 2117 1014 2161 καὶ
1040 2120 1131 2162 τῶν
1157 2118 1258 2172 περὶ
1287 2118 1399 2167 αυτοὶ
1425 2117 1547 2176 ἐργα-

503 2186 629 2230 λείων
657 2183 731 2229 καὶ
759 2183 986 2241 διαφόρων
1012 2185 1282 2243 πλεγμάτων.
1557 2207 1605 2246 30

354 2274 566 2331 Τάλαρος,
595 2278 869 2330 τυροκομεΐα.
899 2274 1015 2318 οὕτω
1046 2273 1093 2319 δ’
1124 2293 1180 2320 αν
1199 2268 1350 2328 καλοῖς
1374 2273 1453 2320 τὸν
1478 2273 1550 2318 τά-

238 2349 396 2400 λαρον,
439 2338 481 2401 ᾦ
505 2342 530 2388 ὁ
559 2340 725 2400 χλωρὸς
750 2341 882 2398 τυρὸς
910 2342 1199 2399 ἐμπήγνυται,
1229 2343 1374 2398 ὥσπερ
1400 2341 1452 2386 τό
1482 2340 1551 2395 ξύ-

241 2416 322 2457 λον
347 2409 398 2455 τὸ
427 2410 693 2465 ἑκατέρωθεν
714 2408 861 2466 φέρον
886 2410 1010 2454 ταυτὶ
1037 2411 1216 2468 πλέγμα,
1230 2414 1550 2468 ·τυροφορεῖον.

244 2478 295 2523 τὸ
324 2479 371 2522 δὲ
406 2477 543 2527 τᾶλλα
582 2477 716 2535 σκεύη
742 2475 896 2534 φέρον,
913 2475 986 2523 ,ου’
1013 2478 1154 2534 μόνον
1181 2478 1446 2535 σκευφόρον,
1478 2476 1550 2522 α’λ-

187 2592 189 2594 ,
242 2545 300 2603 λά
337 2545 412 2604 καὶ
450 2543 678 2601 α’ναφόρον
714 2543 764 2589 ἐν
802 2544 1043 2601 Βατράχοις
1078 2545 1400 2607 Ἀριστοφάνης,
1429 2547 1606 2604 ‹puel-36
