1664 2950
710 118 779 161 lx.
842 123 909 166 38.
1372 123 1450 164 169

156 230 232 286 τῆς
257 226 421 285 κόμης·
457 228 533 274 καὶ
558 227 607 272 τό
632 226 844 285 ἐγκώμιον
870 227 939 272 ἐπὶ
965 228 1058 279 ταῖς
1082 227 1221 280 νίκαις
1247 226 1452 287 ἐπᾳδόμε-

157 310 250 339 νον.
308 293 424 347 Τούς
459 295 540 351 μὲν
575 294 628 351 δὴ
674 296 888 352 γείτονας,
939 295 1012 338 καὶ
1056 297 1343 350 προσοίκους,
1378 296 1451 341 καὶ

159 362 401 413 συνοίκους,
426 361 501 405 καὶ
526 365 858 418 παροικοῦντας,
886 362 959 406 καὶ
983 364 1340 416 προσοικοῦντας·
1379 361 1451 406 τά-

156 442 212 483 χα
238 425 286 471 δὲ
310 427 384 471 καὶ
410 430 660 484 παροίκους,
687 429 761 473 καὶ
789 425 1067 486 ἀγχνθύρους.’
1107 428 1303 481 Εὔπολις
1331 430 1377 474 δὲ
1405 429 1452 474 ἐν

130 491 327 546 5Κόλαξι
361 495 436 539 καὶ
475 499 799 553 συμπαροίκους
832 498 1009 552 εἴρηκεν.
1054 493 1145 538 Ἐπὶ
1187 496 1231 539 δὲ
1266 494 1453 556 τούτοις,

156 557 236 613 τὰς
262 560 343 617 μὲν
367 559 600 620 εύρυτέρας
627 562 780 616 ὁδούς,
818 560 1088 620 λεωφόρους·
1116 562 1190 605 καὶ
1218 560 1451 618 ἆμαξιτούς

159 626 216 670 ἂν
251 631 424 681 καλοῖς,
455 629 529 673 καὶ
567 627 882 687 ἆμαξηλάτους.
915 629 988 674 καὶ
1024 626 1298 684 ίππηλάτους.
1353 627 1449 672 *Toz
1458 626 1512 667 38

160 693 207 740 δὲ
235 693 376 748 στενὰ,
405 695 663 749 στενωπούς,
692 697 765 741 καὶ
793 695 970 752 λαύρας
992 694 1187 751 Ὀμήρου
1215 695 1423 753 εἰπόντος,

352 752 478 818 παρ’
509 761 645 807 ούδόν
670 763 899 816 ἐϋσταθέος
925 760 1134 820 μεγάροιο

107 842 153 877 10
243 823 300 886 ἦν
328 828 430 881 ὁδὸς
459 829 503 881 ἐς
531 829 708 888 λαύρην.

159 893 269 952 τάχα
305 894 355 940 δ’
395 911 450 940 αν
483 896 628 953 εὕροις
659 896 734 941 καὶ
770 894 912 952 ῥύμην
943 895 1191 952 εἰρημένην,
1231 895 1306 940 καὶ
1351 899 1454 940 πλα-

160 966 294 1015 τεῖαν,
323 961 383 1014 ὥς
408 965 452 1007 οἱ
476 967 562 1008 νῦν
594 963 778 1020 λέγουσι,
812 961 1057 1020 Φιλήμονος
1084 962 1161 1019 μὲν
1184 961 1231 1006 ἐν
1258 962 1455 1019 Πανηγύ·

162 1043 228 1084 ρει
255 1027 473 1082 εἰπόντος,
501 1030 583 1088 τήν
608 1029 811 1075 πλατεῖάν
839 1041 908 1075 σοι
933 1029 1073 1086 μόνον
1097 1028 1260 1085 ταύτην
1282 1032 1454 1086 πεποίη-

161 1110 237 1139 κεν
263 1093 287 1140 ὁ
312 1095 534 1152 βασιλεύς·
586 1100 848 1143 Φιλιππίδου
877 1098 923 1142 δὲ
953 1098 999 1142 ἐν
1040 1098 1348 1154 Φιλευριπίδῃ,
1377 1095 1454 1140 πό·

109 1167 152 1204 15
165 1174 270 1220 στην
293 1162 370 1221 ὕφ’
401 1162 512 1209 ὁδοῦ
541 1164 600 1217 ὦς
634 1162 744 1209 εἶναι
778 1163 1016 1220 παιδάριον
1051 1164 1196 1222 ῥύμην
1230 1166 1388 1219 τρίτην·
1427 1162 1453 1208 ὁ

163 1230 248 1293 γάρ
276 1228 491 1282 στενωπὸς
519 1225 649 1283 οὗτος
677 1231 725 1276 ἐν
753 1230 956 1289 Ἀθήνῃσι
981 1227 1060 1289 ἦν·
1094 1233 1169 1277 καὶ
1194 1230 1426 1287 Λακιάδης,

248 1294 394 1353 ὀρθῶς
418 1313 467 1354 γε
493 1296 574 1355 τήν
601 1297 743 1355 ῥύμην
773 1298 1141 1356 ὁδοιπορήκαμεν.

163 1365 281 1408 *Καὶ
311 1364 362 1409 τὸ
389 1363 468 1421 μὲν
502 1368 668 1421 πλῆθος
693 1369 782 1409 τῶν
808 1365 1175 1423 οἰκοδομημάτων,
1203 1365 1351 1416 οἰκίαι,
1377 1363 1450 1408 καὶ
1460 1363 1515 1404 39

165 1431 401 1483 συνοικίαι,
437 1430 513 1475 καὶ
550 1432 689 1482 οἰκίας
725 1433 1011 1488 περίδρομος,
1057 1449 1117 1484 ως
1151 1432 1200 1476 ἐν
1234 1434 1297 1488 τῷ
1334 1429 1456 1487 Γήρᾳ

110 1496 494 1554 ΞοἈριστοφάνης,
538 1495 609 1540 ἐπὶ
641 1501 724 1542 τοῦ
762 1497 1029 1555 περιδρόμου
1062 1504 1199 1544 στᾶσα
1234 1501 1310 1554 τῆς
1358 1509 1456 1541 συν-

110 1585 117 1590 ·
167 1563 324 1615 οικίας·
350 1563 425 1608 καὶ
449 1565 690 1618 περιοίκιον
718 1563 765 1608 δέ
792 1581 834 1608 τι
860 1565 1030 1621 μικρὸν,
1059 1568 1134 1610 καὶ
1162 1567 1358 1617 οἰκίδιον,
1382 1565 1456 1609 καὶ

169 1631 364 1687 οἰκίσκην
387 1631 670 1686 Δημοσθένης
702 1631 750 1675 ἐν
781 1636 844 1689 τῷ
870 1648 981 1676 κατα
1002 1631 1361 1690 Ὀλυμπιοδώρου
1391 1631 1454 1676 λέ·

165 1713 256 1755 γει,
293 1697 367 1742 καὶ
403 1692 533 1749 οὗτος
567 1700 701 1742 εἵλετο
737 1696 841 1750 τούς
877 1702 1252 1756 φαρμακοτρίβας,
1277 1699 1351 1743 καὶ
1377 1698 1455 1755 τὴν

168 1765 380 1822 οἰκίσκην·
424 1763 507 1820 ἐγώ
536 1762 578 1808 δ’
617 1765 774 1822 ἔλαβον
813 1764 919 1817 τούς
946 1765 1249 1823 σακχυφάντας
1276 1767 1348 1810 καὶ
1375 1765 1456 1823 τὴν

110 1839 157 1874 25
169 1833 326 1875 οἰκίαν·
355 1831 416 1883 ὥς
443 1829 553 1875 εἶναι
577 1830 658 1889 τὴν
685 1833 879 1890 οἰκίσκην
905 1832 1064 1889 μικρὸν
1097 1835 1303 1877 οἰκίδιον·
1329 1834 1376 1877 ἐν
1409 1834 1455 1879 δὲ

165 1899 227 1956 τῷ
272 1899 441 1943 Λυσίου
485 1897 596 1951 πρὸς
638 1900 811 1943 Φίλωνα
850 1898 958 1956 ὑπὲρ
1001 1902 1258 1944 Θεοκλείδου
1310 1899 1454 1957 φόνου

167 1965 282 2010 ἔστιν
307 1964 451 2023 εὑρεῖν
477 1963 687 2021 οἰκάριον,
717 1963 804 2009 ἄλλ’
834 1967 894 2018 εἰς
919 1965 970 2010 τὰ
998 1965 1196 2021 οἰκάριον
1223 1966 1273 2011 τό
1303 1967 1453 2012 ὄπισθε

166 2035 242 2088 τῆς
283 2032 656 2088 γυναικωνίτιδος·
706 2034 780 2076 καί
817 2047 905 2076 που
940 2032 1014 2076 καὶ
1051 2033 1352 2091 ἐργαστήριον,
1380 2036 1455 2079 καὶ

166 2099 423 2155 καταγωγαί.
476 2097 576 2142 *Τά
627 2098 675 2143 δὲ
711 2097 919 2155 δημόσια,
964 2097 1218 2153 ἀκρόπολις·
1275 2102 1332 2159 ἣν
1380 2103 1517 2154 καὶ4ο

116 2164 310 2221 εοᾶκραν
338 2165 396 2210 ἄν
421 2166 574 2216 εἴποις,
601 2165 676 2209 καὶ
701 2164 847 2209 πόλιν·
874 2165 948 2210 καὶ
973 2166 1076 2217 τοὺς
1103 2166 1150 2210 ἐν
1178 2165 1288 2225 αὐτῇ
1314 2167 1456 2221 θεοὺς,

173 2229 406 2287 α’κραίους,
440 2232 515 2276 καὶ
550 2236 732 2283 πολιεῖς·
779 2232 854 2277 καὶ
883 2232 932 2278 τὸ
965 2232 1149 2278 κατόπιν
1174 2238 1250 2290 τῆς
1276 2234 1460 2292 οἷκροπό-

172 2301 291 2349 λεως,
318 2297 634 2355 ὀπισθόδομον·
682 2297 790 2354 τάχα
826 2299 873 2343 δὲ
899 2299 973 2343 καὶ
998 2297 1078 2355 τὴν
1106 2297 1358 2355 ἀκρόπολιν,
1386 2302 1461 2345 καὶ

175 2365 392 2420 βασίλειον
429 2364 486 2410 ἄν
521 2381 586 2418 τις
622 2365 746 2418 εἴποι,
774 2364 848 2409 καὶ
873 2370 1146 2419 τυραννεῖον·
1191 2366 1260 2411 ἐπὶ
1288 2368 1335 2411 δὲ
1360 2366 1459 2411 ταύ-

176 2444 278 2485 την,
303 2436 582 2487 πρυτανεῖον·
626 2431 702 2476 καὶ
743 2431 857 2476 ἑστία
885 2435 960 2488 τῆς
986 2431 1163 2485 πόλεως,
1189 2432 1290 2488 παρ’
1318 2429 1346 2490 ᾗ
1376 2435 1460 2478 ἐσι-

123 2498 332 2542 35τοῦντο
370 2499 416 2540 οἳ
440 2513 485 2542 τε
521 2496 630 2542 κατά
665 2499 874 2554 δημοσίαν
916 2501 1148 2554 πρεσβείαν
1179 2499 1354 2556 ἥκοντες
1386 2501 1460 2543 καὶ

183 2561 227 2602 οἰ
263 2560 332 2604 διὰ
373 2566 527 2621 πρᾶξίν
560 2580 658 2609 τινα
693 2564 894 2622 σιτήσεως
933 2563 1203 2617 ἀξιωθέντες,
1232 2564 1306 2607 καὶ
1334 2566 1373 2608 εἴ
1397 2581 1460 2614 τις
