1664 2950
227 188 307 230 184
755 184 857 229 VIII.
906 190 983 233 77.

224 292 303 348 λ’ἂξ
332 293 523 352 ἐνήλατο.
575 287 806 352 Ὑπερίδης
843 295 896 361 δε
922 299 998 342 καὶ
1023 299 1290 359 κονδυλίζειν
1319 298 1422 358 ἔφη·
1457 300 1536 345 καῖ

223 361 275 406 τό
306 366 487 416 παθεῖν,
523 353 861 424 κονδυλίζεσθαι.
902 364 928 409 6'
953 364 1006 411 ·’δ
1044 365 1200 420 αὐτὸς,
1239 367 1314 414 καὶ
1339 365 1454 424 πρὸς
1480 367 1531 412 τὰ

223 429 464 484 πρόσωπον
500 430 781 484 προσπτύειν.
823 425 898 475 καὶ
935 431 1224 491 ἀποστρέφειν
1258 434 1337 486 τάς
1374 439 1532 492 χεῖρας,

164 498 219 540 77
228 486 425 543 Πλάτων.
463 501 653 552 *navo-w,
683 499 897 555 ἐμπηδῶν,
926 499 1136 558 πλήττων,
1163 500 1349 556 τύπτων,
1380 503 1532 560 συγκό-

226 565 360 619 πτων,
391 565 547 618 παίων,
575 565 823 619 πατάσσων,
845 564 1064 624 ἀράσσων,
1084 568 1387 634 ὑποσκελίζων,
1417 569 1535 613 ἐναλ-
1539 575 1559 611 5

227 631 435 690 λόμενος,
464 632 751 690 αἰκιζόμενος,
781 633 886 688 τούς
913 628 1176 697 ὀφθαλμοὺς
1203 633 1455 697 ἐξορύττων,
1483 635 1532 680 τδ

226 699 467 772 πρόσωπον
496 703 755 759 συντρίβων,
781 701 858 754 τάς
884 703 1081 760 γνάθους
1109 701 1434 762 παραῤῥηγνὺς,
1462 719 1534 760 αγ-

225 768 337 826 χ’ων,
356 767 645 828 ἀποπνίγων,
675 770 980 824 λακτίζων.τὸ
1012 775 1152 828 χεῖλος
1179 770 1373 829 διέσχισε,
1401 771 1535 815 διέκο-

226 843 281 890 ψε
309 836 360 882 τὸ
389 835 628 895 βλέφαρον.
663 838 738 883 καὶ
764 830 875 895 λέγω
904 839 973 884 ἐπι
1003 843 1086 895 τοῦ
1112 839 1348 901 ὑβριστοῦ,
1377 837 1434 896 μή
1463 840 1536 883 δυ-

226 902 415 967 νάμενος
463 905 656 962 κατέχειν
692 904 802 962 παρ’
852 905 1014 951 ἑαυτοῦ
1051 924 1111 951 τω
1149 912 1288 964 χεῖρε,
1333 923 1394 950 τω
1431 910 1591 964 χεῖρειο

227 971 440 1035 ἀκρατὴς,
488 966 672 1026 οὐδενὸς
713 971 990 1030 φειδόμενος,
1044 973 1225 1033 οὑδενὸς
1262 972 1536 1031 ἀπεχόμενος,
1573 1002 1576 1005 -

226 1040 458 1093 κονδύλοις
496 1042 660 1094 παίων,
705 1040 776 1085 ἐπὶ
812 1040 976 1099 κόῤῥης
1011 1041 1209 1095 τύπτων,
1256 1039 1343 1095 πὺξ
1379 1042 1535 1097 παίων,

229 1102 309 1161 λὰξ
336 1107 640 1186 ἐναλλόμενος,
684 1124 740 1152 ου
768 1108 960 1189 κατέχων
997 1109 1076 1154 τόν
1111 1108 1342 1166 λογισμόν,
1379 1108 1539 1172 ἐπιτρέ-

231 1191 330 1222 πων
366 1174 507 1222 πάντα
543 1171 605 1232 τῷ
641 1175 795 1232 θυμῷ,
837 1174 921 1234 τὴν
965 1167 1165 1229 ἐξουσίαν
1200 1181 1262 1236 τῷ
1290 1175 1540 1236 βούλεσθαι

232 1246 424 1302 μετρῶν,
462 1219 792 1298 ἀπερίσκεπτος.
832 1247 921 1288 τῶν
945 1243 1094 1301 νόμων
1121 1244 1378 1302 ἐπεγγελων,
1414 1261 1539 1290 κατα·
1551 1251 1593 1287 15

174 1305 392 1370 78γελῶν,
439 1309 740 1367 ἐπιχλευάζων,
793 1309 1241 1371 ἐπικαταμωκωμενος.
1317 1313 1443 1357 *Καὶ
1484 1310 1538 1357 τὰ
1600 1356 1604 1360 .

227 1378 482 1436 πράγματα,
519 1377 677 1435 γέλως,
712 1375 976 1433 κατάγελως,
1024 1377 1288 1436 χλευασμὸς,
1321 1379 1538 1436 χλευασία.

229 1445 358 1504 χλεύη
387 1445 433 1490 δὲ
460 1445 627 1502 λέγεται
663 1445 741 1502 μὲν
767 1445 887 1501 παρά
913 1448 1116 1499 πολλοῖς,
1146 1445 1228 1509 ἐγώ
1258 1443 1299 1491 δ’
1330 1443 1414 1490 οὑκ
1439 1444 1540 1491 οἶδα

231 1512 390 1570 εὑρών.
423 1513 498 1558 καὶ
534 1511 635 1560 κατ’
673 1512 806 1570 ἄλλην
845 1511 1089 1565 ἰδέαν,τά
1126 1502 1367 1571 ὑβρισμένα
1405 1511 1541 1579 αὑτῷ
1659 1542 1664 1570 5

231 1582 537 1638 ἐξυβρισμένα,
578 1580 632 1625 τά
671 1579 1034 1639 πεπαρῳνημένα,
1073 1580 1128 1624 τά
1163 1579 1448 1642 ἠσελγημένα,
1486 1558 1595 1628 τάἓο
1660 1607 1664 1637 1

231 1647 578 1711 παρηνομημένα.
624 1648 745 1694 Ἔστι
793 1649 840 1694 δὲ
884 1647 953 1692 ἐπὶ
998 1651 1080 1692 τοῦ
1122 1648 1343 1702 παθόντος
1392 1650 1539 1704 εἰπεῖν,
1661 1648 1664 1652 ’

189 1750 193 1754 -
231 1717 448 1774 υβρισται,
471 1715 710 1774 ἦσέλγηται,
740 1707 1030 1775 ἔνησέλγηται,
1058 1714 1388 1797 πεπαρῴνηται,
1418 1717 1539 1774 ἐμπε-

232 1799 499 1841 παρῳνηται,
527 1784 713 1841 ἤκισται,
741 1782 1014 1841 κατῄκισται,
1041 1782 1317 1840 τετὺπτηται,
1346 1783 1539 1844 διακέκο-

233 1867 347 1896 πται.
376 1849 448 1896 ἐπ’
480 1850 622 1908 ὀλίγης
648 1855 722 1909 τῆς
751 1852 889 1907 ῥοπῆς
918 1850 1049 1902 ἐστιν,
1080 1844 1312 1905 ἐξωρυκται
1338 1849 1442 1902 τούς
1462 1848 1540 1908 όφ-

173 1924 227 1964 79
236 1912 448 1974 θαλμοὺς,
477 1918 507 1975 ἢ
534 1918 593 1962 τώ
622 1917 852 1976 ὀφθαλμώ.
881 1917 1289 1973 *παρατέθραυσται
1313 1917 1391 1970 τάς
1417 1923 1541 1963 πλευ·
1549 1931 1594 1968 25

234 1985 336 2042 ράς·
367 1985 561 2042 ῧφαιμός
589 1986 722 2038 ἐστιν,
751 1985 957 2040 ἐξαίμων,
984 1982 1296 2042 ὑπερῳδηκώς,
1326 1985 1541 2039 ὑπο-ἄπιος,

233 2045 541 2114 ὑποπέλιδνος·
583 2053 691 2109 ἔχων
727 2052 796 2110 ἐπὶ
834 2054 916 2095 τοῦ
950 2050 1192 2107 προσώπου
1225 2051 1279 2096 τὰ
1317 2053 1412 2114 ἴχνη
1450 2058 1541 2099 τῶν

234 2123 423 2176 πληγῶν,
451 2118 503 2163 τά
533 2124 686 2176 σημεῖα
713 2123 789 2175 τῆς
815 2118 995 2175 ὕβρεως,
1023 2118 1077 2180 τά
1106 2119 1325 2176 δείγματα,
1353 2116 1407 2165 τά
1436 2119 1540 2178 σύμ-

235 2187 361 2245 βολα,
389 2186 442 2231 τὰ
470 2186 694 2244 τεκμήρια”
733 2185 814 2231 οὐκ
844 2184 932 2231 οἶδ’
970 2187 1007 2230 εἰ
1036 2185 1244 2244 βιώσιμός
1271 2187 1405 2233 ἐστιν·
1455 2186 1540 2234 du-

234 2272 313 2312 γας
334 2255 512 2306 ἐλπίδας
539 2253 645 2310 ἔχων
672 2257 754 2297 τοῦ
784 2257 879 2310 ζῆν,
911 2253 980 2297 ἐπὶ
1007 2252 1185 2307 θανάτῳ
1213 2255 1414 2313 τυγχάνει
1451 2257 1594 2303 δια-30

235 2324 440 2405 κείμενος.
469 2322 543 2366 καὶ
572 2319 856 2377 ὑβρισμένος,
894 2321 968 2366 καὶ
995 2318 1305 2378 η’σελγημένος,
1342 2330 1539 2379 πεπαρῳ-

235 2390 445 2471 νημένος,
491 2388 859 2445 συγκεκομμένος,
905 2387 1229 2445 κατῃκισμένος.
1290 2387 1354 2432 To}
1381 2389 1428 2432 δὲ
1456 2386 1539 2433 τοῦ

236 2455 490 2513 πράγματος
518 2455 734 2513 ὀνόματα,
761 2455 902 2512 ὕβρις,
929 2454 1189 2512 ὑβρίσματα,
1219 2454 1431 2519 ἀσέλγεια,
1461 2471 1538 2500 πα-

238 2525 406 2585 ροινία,
433 2521 733 2581 ὑπερηφανία,
761 2521 1002 2578 ὑπεροψία,
1040 2523 1293 2578 προπέτεια,
1329 2517 1539 2587 βαρύτης,

182 2597 236 2637 80
246 2591 426 2648 πληγαὶ,
455 2591 613 2645 αἰκίαί,
642 2589 861 2648 αἰκισμός,
897 2589 1262 2647 προπηλακισμός.
1319 2585 1593 2647 *Κακήγαςς

243 2676 342 2715 ρος,
381 2656 640 2714 κακολόγος,
674 2657 974 2715 αἰσχρολόγος,
1019 2656 1294 2715 βλάσφημος,
1325 2658 1538 2713 λοίδορος,
