1664 2950
247 119 328 160 130
790 114 850 158 11.
906 120 1002 162 222.

248 242 363 280 τρας,
393 223 451 276 ῶς
480 224 638 281 ἄλοχος
664 224 785 281 παρὰ
811 229 904 277 τοῖς
930 231 1127 284 ποιηταῖς
1167 226 1197 285 ἦ
1237 227 1307 272 ἐπὶ
1339 225 1390 270 τὸ
1434 223 1542 270 αὐτὸ

252 294 371 349 λέχος
399 291 708 348 ἀναβαίνουσα,
753 292 826 335 καὶ
873 291 1035 346 ἄκοιτις
1085 295 1114 354 ἡ
1141 299 1217 350 τῆς
1244 292 1374 350 αὐτῆς
1398 293 1543 348 κοίτης

166 360 497 416 222μετέχουσα.
553 356 868 416 *Ἱπποκράτης
897 360 942 404 δὲ
969 359 1028 405 ου’
1055 361 1218 418 δελφύν
1245 359 1402 418 μόνον,
1434 357 1543 405 ἀλλὰ

246 429 320 472 καὶ
355 424 493 482 γονήν
528 424 608 482 τὴν
640 425 807 483 μήτραν
843 423 993 480 καλεῖ,
1040 421 1155 486 ἐν“ᾖ
1182 427 1232 472 τό
1283 436 1334 472 τεΙ
1355 426 1542 483 ἔμβρυον

247 496 494 539 συνίσταται
519 493 594 536 καὶ
617 493 838 548 τρέφεται,
866 494 940 538 καὶ
958 549 962 553 .
979 493 1029 539 τὸ
1058 496 1248 554 ἔμμηνον
1289 492 1394 550 αἷμα
1441 498 1567 536 συν-5

249 564 503 616 αθροίζεται.
567 563 643 616 τῆς
681 560 725 604 δὲ
762 574 923 617 μητρας
970 563 1015 606 αἱ
1055 562 1123 606 ἐπὶ
1159 560 1212 605 τὰ
1251 560 1340 606 ἄνω
1377 559 1452 605 καὶ
1488 558 1541 602 τὰ

248 628 409 685 πλαγια
453 625 654 684 ἐκφύσεις
698 632 868 681 κεραῖαι
907 621 1143 672 καλοῦνται
1190 629 1263 673 καὶ
1290 619 1540 673 πλεκταναι·

250 696 302 741 τοὶ
331 695 378 740 δὲ
406 695 687 748 ἑκατέρωθεν,
717 710 839 750 ωμοι.
868 695 942 738 καὶ
956 694 1006 739 τὸ
1036 694 1184 758 ἄκρον,
1214 694 1360 752 αὐχὴν,
1387 694 1416 752 ἢ
1443 710 1542 760 τρα-

250 769 387 821 χηλος.
416 757 471 806 οὗ
499 761 656 819 στόμα,
702 761 727 805 ὁ
756 764 925 818 πρῶτος
951 762 1177 818 πόρος.τό
1208 762 1253 807 δὲ
1282 763 1430 819 ἑφεξῆς
1455 762 1541 805 κοί-

163 837 394 887 223λωμα,
423 833 667 885 γυναικεῖος
693 827 874 909 κόλπος.
930 823 1045 874 *δύο
1084 829 1129 874 δὲ
1155 830 1254 897 περὶ
1279 833 1340 887 τῷ
1370 827 1541 886 ἐμβρύῳ
1554 839 1597 872 10

246 897 417 955 χιτῶνές
455 899 572 940 εἰσιν.
619 911 681 938 ων
718 894 767 939 τὸ
809 899 888 952 μὲν
912 897 1090 941 ἔνδοθεν
1117 888 1372 952 λεπτότερόν
1399 911 1443 939 τε
1469 895 1543 939 καὶ

244 963 553 1023 μαλακώτερον
581 962 655 1015 ὂν,
685 961 842 1018 α’μνίον
874 957 1153 1020 Ἐμπεδοκλῆς
1179 961 1405 1008 καλεῖ·τὸ
1433 961 1479 1006 δὲ
1507 961 1542 1004 ἔ-

247 1033 386 1085 ξωθεν
414 1030 493 1075 ἐπ’
514 1029 648 1086 αὐτῷ,
685 1030 735 1073 τὸ
764 1029 874 1087 πρὸς
900 1032 954 1088 τῇ
981 1029 1158 1088 ὑστέρᾳ,
1197 1033 1348 1088 χορίον
1389 1027 1542 1086 ὀνομά-

247 1104 369 1152 ζεται.
400 1115 454 1142 ου
482 1097 556 1142 καὶ
584 1096 785 1153 όμφαλος
810 1097 1036 1154 ἐκπέφυκε.
1075 1100 1149 1142 καὶ
1174 1097 1384 1155 Ἀντιφῶν
1414 1096 1461 1141 δε
1489 1097 1542 1139 εἶ-
1600 1121 1654 1153 ..Δ

248 1182 399 1223 ρηκεν,
440 1166 502 1209 έν·
523 1161 559 1222 ᾦ
604 1165 654 1209 τὸ
684 1165 878 1220 ἔμβρυον
905 1163 1131 1217 αυξάνεταί
1157 1182 1200 1209 τε
1223 1166 1302 1209 καὶ
1326 1164 1536 1220 τρέφεται,
1552 1176 1593 1210 15
1626 1164 1660 1176 ‘⁴

246 1238 434 1277 καλεῖται
469 1233 747 1288 χορίον.οῑ
781 1228 826 1274 δε
860 1231 1214 1313 παραπέμποντες
1250 1233 1292 1285 ἐξ
1328 1230 1540 1286 ἑκατέρων

246 1305 333 1344 τῶν
352 1303 529 1355 νεφρῶν
548 1297 596 1341 τὸ
622 1292 760 1351 οὖρον
779 1297 918 1349 τόποι,
947 1297 1133 1353 οὐράναι
1145 1317 1189 1343 τε
1209 1301 1282 1343 καὶ
1303 1298 1540 1355 ουρητῆρες

247 1372 495 1412 καλοῦνται.
522 1366 595 1410 καὶ
610 1365 637 1421 ἡ
655 1366 871 1422 τραγῳδία
891 1365 972 1421 τήν
989 1365 1132 1422 α’μίδα,
1150 1365 1342 1424 οὐράνην
1357 1365 1537 1410 ἐκάλεσε.

160 1443 265 1492 224*
279 1439 468 1478 καλεῖται
506 1432 552 1476 δέ
588 1449 651 1483 τις
686 1431 760 1475 καὶ
795 1431 1069 1516 περιτόναιος
1095 1433 1224 1492 ὑμὴν,
1251 1434 1379 1482 παντὶ
1404 1437 1465 1476 τῶ
1494 1431 1538 1475 ὖ-

246 1499 523 1585 πογαῗτρίῳ
554 1498 868 1582 συμπεφυκὼς,
923 1500 996 1544 καὶ
1023 1500 1327 1559 ’περιειληφως
1369 1501 1593 1544 mammo

246 1571 319 1614 καὶ
357 1570 503 1624 evvepoe
542 1568 615 1611 καὶ
655 1567 795 1610 πάντα
822 1565 900 1610 τὸν
930 1565 1013 1611 ἀπὸ
1052 1569 1421 1650 διαφράγματοςᾚ
1401 1580 1538 1610 τΟπΟν

245 1638 368 1694 μέχρι
391 1636 596 1682 έπισείου.
635 1635 708 1678 καὶ
733 1634 880 1690 μέντοι
907 1634 969 1679 ἔκ
982 1645 1031 1691 γε
1058 1640 1138 1680 τοῦ
1168 1634 1353 1692 σπληνὸς
1397 1650 1557 1690 ετερος

234 1705 359 1762 -υμὴν
401 1708 482 1749 τοῦ
517 1700 734 1758 προτέρου
768 1700 1016 1755 λεπτότερος
1050 1702 1324 1759 έκπεφυκως,
1362 1700 1448 1746 ὑπὸ
1485 1699 1534 1743 τὸ

244 1772 519 1828 περιτόναιον
557 1770 770 1823 κείμενος,
819 1768 870 1811 τὸ
899 1766 1006 1812 αὐτὰ
1046 1769 1300 1826 διάφραγμα
1334 1772 1535 1824 περιειλη-

245 1839 359 1895 φώς,
391 1840 596 1887 ἐπίπλους
625 1832 886 1890 ὀνομάζεται.
945 1833 1153 1891 Ἀντιφῶν
1175 1836 1226 1879 ’δὲ
1252 1827 1388 1879 αὐτὸν
1413 1833 1587 1889 ἄρσε-25

247 1911 376 1957 νικῶς
411 1905 485 1950 καὶ
529 1904 760 1959 οὐδετέρως
787 1907 917 1946 καλεῖ.
961 1903 1102 1959 ἰατροὶ
1130 1902 1176 1945 δὲ
1202 1902 1276 1947 καὶ
1299 1900 1453 1954 ἆδένας
1477 1918 1537 1945 τι-

160 1974 326 2028 225νὰς
354 1977 575 2016 καλοῦσιν.
633 1970 677 1998 *'
677 1970 818 2025 Όγκοι
846 1971 893 2012 δέ
922 1971 1002 2013 εἰσι
1029 1969 1160 2026 μέσον
1188 1967 1346 2024 σαρκὸς
1372 1969 1446 2012 καὶ
1471 1983 1536 2012 m·

247 2044 374 2097 μελῆς
402 2038 723 2122 συνιστάμενοι,
763 2035 944 2091 μάλιστα
972 2037 1067 2092 περὶ
1095 2035 1325 2102 βουβῶνας
1368 2052 1412 2080 τε
1461 2037 1534 2080 καὶ

237 2106 485 2165 μασχαλας,
524 2106 599 2150 καὶ
635 2101 859 2159 σιαγόνας,
898 2104 972 2147 καὶ
1007 2103 1285 2160 μεσεντέριον.
1330 2102 1428 2158 περὶ
1455 2100 1534 2154 οὓς

242 2175 315 2220 καὶ
342 2176 395 2218 αἱ
415 2173 612 2230 χοιράδες
640 2171 922 2215 συνίστανται.
974 2174 1071 2214 Τῶν
1099 2171 1145 2215 δὲ
1174 2173 1348 2227 φλεβῶν
1381 2169 1411 2227 ἡ
1444 2171 1585 2234 κοί-30

241 2247 294 2300 λη
322 2241 571 2303 καλουμένη
603 2238 776 2294 μεγίστη
818 2235 862 2280 τέ
904 2236 992 2280 ἐστι
1031 2238 1106 2282 καὶ
1134 2235 1220 2281 απὸ
1241 2238 1427 2293 καρδίας
1456 2235 1529 2293 αρ-

240 2327 376 2368 χεται,
414 2308 489 2353 καὶ
523 2309 641 2351 πᾶσα
668 2307 735 2361 τῷ
773 2302 904 2360 ἥπατι
937 2305 1239 2376 προσπέφυκε,
1277 2302 1337 2348 δι’
1363 2297 1414 2361 ἦς
1441 2301 1527 2360 ἆπὸ

239 2381 336 2423 τοῦ
345 2376 509 2434 ἥπατος
537 2372 701 2418 ἀνέλκει
727 2370 777 2415 τὰ
799 2369 911 2429 αἷμα
938 2371 965 2428 ἡ
996 2368 1170 2430 καρδία.
1194 2371 1335 2428 ῶσπερ
1349 2369 1527 2415 καὶτῶν

239 2443 455 2502 ἀρτηριῶν
495 2441 524 2498 ἢ
551 2457 596 2497 μ
601 2440 722 2496 γίστη
749 2443 949 2490 καλεῖται,
978 2456 1092 2484 ουτω
1120 2439 1203 2484 καὶ
1221 2438 1310 2483 ἔστι·
1349 2436 1425 2482 καὶ
1445 2442 1527 2482 κεῖ-

236 2530 306 2558 ται
335 2508 450 2557 κατὰ
493 2507 571 2566 τήν
599 2508 725 2562 ραχιν
752 2505 1036 2566 λαμβάνουσα
1064 2523 1109 2551 τε
1134 2504 1183 2552 τό
1212 2508 1386 2569 πνεῦμαν
1404 2503 1525 2562 παρα
1532 2521 1577 2557 35
