1670 3008
238 154 323 194 254
790 151 841 190 X.
900 153 992 198 169.

157 265 235 307 169
449 261 1141 308 *ΚΕΦΑΛΑΙΟΝ
1216 267 1320 308 ΜΛ.

240 352 350 418 Περὶ
377 362 467 405 τῶν
494 359 561 418 ἐφ’
591 356 654 406 ὦν
681 363 726 406 οἱ
751 361 850 414 ἅλες
877 361 1144 425 ἐντρίβονται
1168 365 1242 410 καὶ
1277 369 1367 411 τῶν
1394 364 1535 412 τοιού-

668 446 756 473 των
781 433 1101 489 παραπλησίων.

345 529 433 572 Καὶ
463 528 564 574 ἁλία
591 530 637 575 δὲ
669 530 822 583 σκεῦός
848 548 890 576 τι
914 527 972 590 ἦν
997 531 1201 585 πύξινον.
1235 529 1272 592 ᾦ
1297 533 1403 587 τούς
1429 534 1535 587 ἅλας

232 596 514 654 ἐντρίβουσιν.
559 597 796 655 ’Ἄρχιππος
833 599 982 656 μέντοι
1007 599 1055 644 ἐν
1085 598 1286 657 Ἡρακλεῖ
1315 603 1561 659 γαμοῦντί5

236 677 391 722 φησιν,
428 664 528 709 άλία
555 668 725 723 πυξίνη.
783 667 994 724 Στράττις
1021 666 1068 713 δὲ
1096 667 1144 712 ἐν
1170 671 1376 727 Κινησίᾳ,
1405 669 1535 725 ἁλμυ-

236 732 319 789 ρόν
344 731 396 776 θ’
424 732 567 790 ὕδωρ,
607 733 756 790 ἕτερόν
782 750 827 779 τε
863 733 1021 778 λεπτὸν
1049 734 1098 780 έν
1126 733 1227 793 άλίᾳ
1251 737 1532 794 κεκομμένον·

233 801 308 846 καὶ
334 802 438 852 ἴσως
464 800 521 845 ἂν
547 801 684 846 ἐοίκοι
709 800 851 860 τούτῳ
878 805 941 859 τῷ
968 799 1138 861 άγγείῳ,
1162 801 1210 847 ἐν
1241 797 1277 861 ᾧ
1304 802 1354 848 τό
1381 803 1534 860 πέπερι

234 869 495 913 λεαίνουσιν.
538 866 647 914 άλλά
679 868 764 926 μὴν
792 867 983 926 φορμὸς,
1023 871 1238 926 φορμίον,
1275 873 1534 927 φορμίσκος,
1585 880 1588 882 ’

235 937 406 993 φορμίς.
451 935 498 980 έν
534 937 581 981 δὲ
627 941 689 996 τῷ
726 935 958 994 Γηρυτάδῃ
999 935 1024 980 ὁ
1062 935 1368 995 Ἀριστοφάνης
1403 937 1530 994 λέγει,
1542 941 1589 977 1⁰(

234 1007 394 1061 φορμῷ
422 1005 640 1062 σχοινίνῳ’
679 1005 727 1048 έν
765 1004 811 1048 δὲ
839 1008 932 1056 τοῖς
955 1003 1281 1060 Δημιοπράτοις
1312 1005 1386 1049 καὶ
1411 1004 1532 1049 ἁλῶν
1589 1016 1593 1019 ’

231 1073 332 1126 τρία
359 1069 605 1127 ἡμιφόρμια
640 1070 869 1127 πέπραται.
908 1070 1052 1125 ὥσπερ
1086 1071 1161 1115 καὶ
1197 1070 1403 1129 σησάμων
1439 1073 1538 1130 ἡμι·

147 1150 226 1190 170
236 1137 401 1182 σάκιον.
430 1137 562 1195 *τάχα
590 1138 637 1183 δὲ
663 1139 738 1183 καὶ
764 1136 937 1195 ὄροφόν
954 1154 1019 1189 τις
1045 1136 1313 1195 ὀνομάσειεν,
1339 1138 1388 1191 ὃς
1415 1140 1542 1184 ἔστιν.-

233 1204 466 1262 στεγαστήρ
495 1205 711 1262 κάλαμος,
740 1205 792 1250 ὃν
818 1206 892 1250 καὶ
908 1204 1107 1262 ’Ὀμηρος
1134 1203 1359 1262 ὀνομάζειν
1393 1206 1532 1257 ἔοικεν

229 1273 301 1317 ἐπὶ
327 1277 401 1329 τῆς
435 1271 650 1330 Ἀχιλλέως
686 1277 855 1331 σκηνῆς.
886 1273 960 1317 καὶ
987 1273 1035 1317 έν
1060 1272 1376 1330 Ἀριστοτέλους
1403 1274 1473 1327 δὲ,
1499 1274 1580 1332 ἢ15

234 1338 516 1397 Θεοφράστου
560 1343 766 1392 Φυσικοῖς
789 1341 1050 1397 γέγραπται.
1087 1338 1311 1396 καλάμου,
1339 1338 1528 1397 ὀρόφου,

227 1410 503 1463 θρυαλλίδος,
534 1410 783 1464 στροβίλου,
811 1411 976 1469 πίτυος·
1008 1409 1141 1458 εἴποις
1169 1404 1215 1452 δ’
1246 1405 1302 1451 ἂν
1326 1407 1402 1452 καὶ
1429 1406 1539 1453 ω’λέψ

226 1493 330 1528 νας,
370 1475 444 1520 καὶ
480 1472 707 1528 ὥλενίδας,
744 1476 819 1520 καὶ
855 1476 1151 1531 παρωλενίδας
1177 1474 1226 1518 έν
1251 1479 1343 1526 τοῖς
1370 1479 1537 1532 Δημιοέ.

224 1543 408 1599 πράτοις
442 1542 685 1600 εἰρημένας·
718 1545 792 1588 καὶ
829 1543 1026 1601 πηνήκην
1063 1542 1130 1594 δὲ,
1162 1543 1245 1605 καί
1272 1541 1524 1599 προκόμιον.

224 1611 323 1659 καὶ.
363 1610 420 1663 ὦς
452 1609 758 1668 Ἀριστοφάνης
795 1611 842 1655 έν
880 1607 1131 1668 Γηρυτάδῃ,
1165 1610 1411 1666 περίθετον·
1451 1611 1579 1660 καίεο

223 1678 457 1735 περιθέτην
482 1679 541 1731 δὲ,
573 1677 633 1732 ὥς
660 1679 708 1724 ἐν
722 1679 938 1737 ’Ἄμφιδος
961 1676 1227 1734 Ἀλκμαίωνι,
1250 1675 1328 1723 καὶ
1353 1676 1524 1723 Μενάν·

224 1748 337 1802 δρου
364 1743 594 1805 Ὀλυνθίῳ.

139 1888 219 1931 171
494 1880 1252 1925 *KEQAAAIONMR

304 1978 417 2033 Περὶ
447 1980 656 2035 κλίμακος
690 1980 764 2024 καὶ
791 1980 853 2025 ἔτι
890 1979 1126 2037 τυμπάνων
1159 1980 1235 2025 καὶ
1277 1981 1440 2039 κυμβά-

356 2049 466 2098 λων,
504 2043 580 2102 ἐφ’
617 2041 653 2105 ᾦ
680 2046 755 2091 καὶ
790 2047 889 2103 περὶ
917 2042 979 2092 ὦν
1015 2051 1061 2094 οἱ
1091 2047 1384 2108 ὀρνιθοθῆραι
1526 2072 1573 2109 25

770 2129 969 2170 χρωνται.
1568 2131 1572 2134 ·

332 2218 500 2267 Σκεῦος
537 2212 583 2257 δὲ
621 2212 695 2257 καὶ
720 2212 749 2269 ἡ
781 2214 957 2270 κλίμαξ·
994 2215 1069 2259 καὶ
1092 2217 1136 2260 οἱ
1163 2214 1409 2272 άναβασμοὶ
1443 2221 1520 2274 τῆς

222 2284 454 2341 κλίμακος,
478 2283 781 2337 κλιμακτῆρες,
812 2279 871 2331 ὥς
898 2280 945 2324 ἐν
980 2277 1317 2338 Ἀριστοφάνους
1342 2282 1518 2339 Δράμα-

223 2364 293 2396 σιν
321 2351 350 2408 ἦ
376 2349 622 2406 Κενταύρῳ.
649 2348 695 2392 ἐν
723 2349 769 2393 δὲ
793 2352 884 2399 τοῖς
912 2347 1246 2404 Δημιοπράτοις,
1274 2348 1514 2406 κλιμάκων.
1591 2384 1595 2388 ,

219 2419 269 2463 ἐν
294 2419 340 2463 δὲ
372 2416 588 2474 Ἀμειψίου
615 2414 772 2475 Κόννῳ
797 2415 1038 2471 κλιμακίδα.
1064 2414 1219 2460 ἼΙπου
1242 2415 1302 2460 δὲ.
1316 2417 1391 2461 καὶ
1415 2417 1514 2475 τύμ-
1525 2439 1571 2475 30

221 2502 359 2536 πανα,
395 2484 469 2530 καὶ
494 2483 718 2540 κύμβαλα,
757 2485 924 2527 σκευῶν
960 2481 1017 2525 ἂν
1046 2482 1118 2526 καὶ
1150 2485 1285 2526 ταῦτα
1316 2486 1399 2542 εἴη·
1439 2486 1515 2530 καὶ

221 2555 440 2609 παρδαλῆ,
475 2551 549 2595 καὶ
585 2554 762 2608 λεοντῆ,
795 2549 869 2594 καὶ
896 2548 1032 2602 σανὶς,
1059 2549 1134 2593 καὶ
1159 2548 1371 2607 λεύκωμα.
1426 2553 1515 2597 Καὶ

223 2618 289 2674 οἷς
322 2620 377 2665 ἂν
412 2621 455 2665 οἱ
489 2617 779 2676 ὀρνιθοθῆραι
804 2619 1014 2675 χρῶνται,
1059 2618 1256 2679 παχίδες,
1292 2620 1368 2664 καὶ
1393 2620 1514 2677 νεφέ-
