1664 2950
8 1934 14 1937 ·
0 1782 39 1912 *321525
13 1755 15 1758 Δ
23 1721 28 1726 .

37 2773 42 2787 -
18 2647 50 2749 <pun->s
32 2631 34 2637 -
7 2069 47 2622 xwmaemm>ffl
12 2055 14 2057 ’
34 2022 45 2044 ..

516 120 978 174 ῬΗΑΕΕΔΤἸα
1332 133 1403 176 -65
1480 136 1482 138 v

115 247 191 306 qni
220 245 438 289 affirmare
464 252 557 287 n'on
585 243 921 296 dubitaverunt,
957 242 1138 287 Sostrati
1167 241 1279 286 illius
1306 245 1404 286 me'-

113 303 321 354 moriam,
352 302 388 343 si
415 315 573 352 unum,
603 300 679 356 qui
708 300 799 342 eius
826 299 984 342 fecerit
1010 301 1279 343 mentionem
1307 301 1404 342 Lu-

113 360 292 403 cianum
315 355 516 415 excipias,
546 356 719 413 penitus
748 370 842 398 esse
868 355 1186 399 oblitteratsmz
1216 356 1291 398 sed
1309 356 1401 398 lou·

144 417 212 458 'us
242 413 291 456 in
325 413 410 456 hac
444 427 495 454 re
529 426 618 454 non
657 412 918 469 procedam,
961 411 1224 470 'quanquam
1262 412 1311 454 in
1349 427 1400 454 ea

108 428 228 515 fdrte
253 467 440 511 aliorum
470 468 631 510 scrinia
657 468 895 524 compilare
923 482 1013 510 non
1039 483 1146 525 opus
1174 468 1398 511 haberem.

107 529 203 572 lam
240 539 361 568 nunc
388 523 519 581 igitur
545 523 592 566 in
621 537 716 566 rem
745 531 1021 580 praesentem
1046 538 1219 566 eamus:
1263 523 1399 567 Lexi-

108 582 276 641 phanes
305 581 354 623 in
380 580 464 622 hac
493 579 787 636 disputatione
813 578 1012 622 ordinem
1041 579 1272 635 occupabit
1298 578 1397 637 pri-

105 652 261 682 mum=
303 637 358 679 de
396 635 481 678 hoc
517 635 688 699 dialogo
722 634 786 677 ita
823 634 971 677 scribit
1007 634 1079 677 vir
1116 636 1334 678 maximus
1361 636 1395 679 Ι.-

109 694 169 738 G.
206 691 442 743 Graevius,
477 691 601 733 cuius
636 705 683 732 m
722 705 773 733 re
806 690 996 733 literaria
1030 706 1191 733 nomen
1228 691 1395 734 dudum

109 755 176 792 est
210 747 540 806 pervulgatum,
585 746 632 787 in
667 745 929 803 politissimis
956 746 1038 789 illis
1067 748 1119 789 ad
1150 747 1394 790 Lucianum

102 802 245 848 notis:
273 804 369 848 Per
386 801 700 860 Lexiphanem
719 802 766 844 in
784 802 983 861 dialogo,
1014 804 1090 867 qui
1110 803 1196 845 Ιιοο
1214 803 1392 846 nomine

106 858 386 911 inscribitur,
424 857 623 916 intelligi
653 858 911 908 Pollucem,
927 871 936 879 ·
957 874 1035 917 qui
1070 858 1391 917 Onomasticon

105 914 291 972 scripsit
298 946 315 966 ,
354 914 399 957 in
422 929 508 972 quo
535 914 709 966 omnia,
775 930 860 957 uae
882 914 956 957 hic
983 915 1162 967 irridet,
1191 914 1391 958 obsoleta

102 971 240 1017 verba
268 970 460 1014 inveniri
470 1003 484 1022 ,
524 970 709 1024 memini
729 985 753 1012 o
776 971 839 1013 im
858 971 906 1013 in
933 971 1173 1013 scholiasta
1191 971 1391 1013 Luciani
1401 981 1455 1021 30

106 1023 319 1084 ἅνεκδότῳ
346 1025 497 1084 legere
526 1026 649 1084 apud
675 1027 727 1069 Is.
759 1026 961 1071 Vossium
991 1025 1068 1070 τὸν
1104 1025 1234 1072 πάνυ.
1276 1027 1390 1083 Opi-

102 1097 190 1127 nor
218 1082 419 1139 equidem
446 1082 590 1140 ipsum
618 1082 744 1125 illum
773 1082 931 1126 codicis
968 1084 1163 1127 Vossiani
1201 1083 1390 1126 scholia-

103 1147 214 1182 stem
243 1136 469 1196 postremis
497 1138 985 1181 Amstelaedamensium
1015 1138 1133 1196 typis
1161 1153 1262 1181 cum
1292 1154 1389 1182 eru-

104 1195 194 1239 dito
226 1193 332 1237 orbe
359 1208 451 1236 esse
478 1194 872 1238 communicatum:
910 1195 1020 1237 nihil
1055 1204 1200 1237 autem
1231 1194 1285 1245 in
1322 1210 1387 1245 eo,

101 1249 223 1350 ἓξὲξ
257 1249 310 1292 ad
338 1250 557 1293 Pollucem
585 1257 750 1307 spectet
776 1250 927 1293 eiusve
955 1250 1292 1303 Onomasticon,
1332 1250 1389 1292 ad

197 1305 400 1363 ‘phanem
428 1305 681 1348 adnotatum
706 1307 899 1358 invenio,
928 1321 987 1349 ex
1015 1321 1102 1362 quo
1131 1306 1240 1349 mihi
1267 1306 1388 1363 cogi-

104 1366 200 1404 ta're
226 1361 351 1404 venit
375 1360 424 1403 in
451 1369 664 1412 mentem,
692 1363 952 1405 memoriam
979 1362 1093 1404 forte
1120 1363 1284 1419 optimo
1312 1363 1389 1405 ho·

103 1416 216 1461 mini
249 1416 523 1475 imposuisset
562 1417 930 1460 verisimillimum
968 1419 1087 1460 enim
1115 1418 1291 1461 videtur
1320 1418 1391 1460 vi-

103 1487 205 1517 rum
231 1486 470 1524 summum,
491 1473 666 1515 cumin
693 1473 842 1515 animo
861 1474 1107 1522 haererent,
1138 1488 1249 1528 quae
1266 1474 1388 1529 lege-

101 1535 172 1572 rat
208 1541 235 1570 a
269 1534 416 1569 vetere
452 1535 797 1570 commentatore
840 1529 897 1570 ad
930 1529 1170 1572 Rhetorum
1199 1530 1387 1571 Praece-

101 1591 275 1642 ptorem
310 1582 564 1636 observata,
602 1583 657 1625 ad
685 1583 982 1642 Lexiphanem
1011 1585 1232 1635 retulisse,
1268 1583 1386 1639 quod

100 1639 234 1703 paulo
266 1645 365 1696 post
397 1638 534 1695 magis
569 1639 755 1695 patebit:
803 1639 877 1682 sed
913 1639 985 1682 vir
1018 1639 1385 1696 prudentissimus

99 1693 307 1737 iudicium
343 1707 474 1736 suum
510 1708 602 1736 non
637 1694 918 1753 interposuit,
965 1702 1190 1751 totamque
1216 1710 1309 1738 rem
1337 1694 1385 1736 in

98 1749 244 1794 medio
279 1749 475 1805 reliquit:
519 1749 835 1792 eruditissimus
877 1758 1024 1793 tamen
1070 1751 1299 1794 Kuehnius
1337 1750 1385 1792 in

99 1804 389 1863 praefatione,
433 1803 594 1860 aliique
637 1805 766 1847 etiam
806 1806 999 1864 perdocti
1034 1808 1116 1849 viri
1164 1807 1384 1864 conceptis

97 1861 241 1905 verbis
266 1859 484 1903 affirmare
506 1875 597 1902 non
623 1869 838 1904 verentur
862 1862 1005 1921 ipsum
1034 1864 1079 1905 in
1107 1863 1189 1904 hoc
1216 1863 1384 1918 dialogo

98 1915 332 1976 perstringi
358 1916 607 1959 Pollucem:
637 1931 715 1973 ego
742 1932 850 1960 vero
877 1934 935 1961 ne
962 1918 1177 1982 probabili
1204 1917 1381 1974 quidem

99 1979 356 2028 argumento
393 1972 600 2014 destinari
636 1987 760 2029 posse
797 1981 840 2015 et
875 1974 1023 2016 fulciri
1060 1974 1174 2016 hanc
1210 1973 1382 2030 opinio·
1445 1987 1447 1990 ⁴

98 2042 204 2072 nem
243 2027 467 2071 existimo:
514 2027 632 2082 quod
681 2028 796 2071 enim
834 2030 929 2085 quis
967 2029 1162 2078 obiiciat,
1209 2030 1381 2081 omnia,

100 2098 211 2142 quae
236 2083 452 2126 Lucianus
479 2082 531 2124 ad
567 2084 704 2126 risum
740 2085 987 2140 prostituit,
1029 2086 1216 2128 obsoleta
1243 2084 1381 2127 verba

98 2139 147 2184 in
171 2139 356 2183 Pollucis
389 2138 581 2182 inveniri
608 2140 913 2192 Onomastico,
950 2141 1059 2183 adeo
1095 2155 1184 2183 non
1221 2155 1380 2184 verum

103 2202 182 2249 est,
208 2201 260 2237 ut
286 2195 415 2237 etiam
443 2195 583 2237 multa
604 2207 864 2240 enumerare
882 2196 936 2239 sit
955 2197 1000 2239 in
1020 2203 1240 2253 promptu,
1269 2209 1382 2251 quae

102 2249 271 2294 fmstra
287 2249 554 2307 quaesiveris
574 2249 620 2292 in
640 2259 819 2294 auctore
834 2259 984 2294 nostro
998 2270 1010 2294 ε
1038 2267 1094 2294 ne
1107 2251 1222 2294 sorte
1236 2266 1383 2294 meam

79 2305 152 2358 ‚in
175 2306 259 2349 hac
285 2305 603 2349 asseveratione
619 2306 747 2350 fidem
773 2307 986 2351 desideret
1001 2309 1150 2356 lector,
1179 2307 1385 2364 specimi-

102 2362 287 2428 nis-ergo
304 2377 359 2404 ex
378 2361 519 2420 prima
533 2362 693 2427 pagina
709 2365 919 2418 quaedam
939 2378 1173 2428 apponam,
1193 2364 1311 2406 unde
1330 2363 1384 2405 de

71 2410 82 2460 s
101 2417 281 2472 reliquls
313 2432 406 2461 non
448 2416 612 2460 difficili
645 2418 795 2462 labore
837 2419 1047 2462 iudicium
1082 2418 1191 2461 ferri
1227 2419 1383 2477 possit:

105 2471 282 2531 γράμμα
308 2472 504 2529 τ-ήτινον,
534 2473 734 2529 νεοχμὸν,
777 2471 1193 2532 ἀντισυμποσιάζειν,
1232 2477 1388 2532 εἴρωνα

99 2530 234 2592 pedo?
249 2531 518 2592 καταβαλεῖγ,
549 2527 714 2584 εὔπορα
731 2525 819 2575 ὦτα
833 2540 912 2575 eto.
965 2533 1145 2575 Praeter
1162 2531 1275 2575 haee
1294 2546 1388 2588 per·
1444 2548 1446 2551 ·

107 2593 296 2642 'petuum
322 2586 539 2642 quoddam
573 2586 770 2630 hominis
793 2589 941 2648 inepte
970 2586 1085 2631 docti
1092 2601 1114 2642 ,·
1143 2588 1394 2645 quicunque
1417 2596 1438 2601 ·’
