<?xml version="1.0" encoding="UTF-8"?>
<!DOCTYPE html PUBLIC "-//W3C//DTD XHTML 1.0 Transitional//EN"
    "http://www.w3.org/TR/xhtml1/DTD/xhtml1-transitional.dtd">
<html xmlns="http://www.w3.org/1999/xhtml" xml:lang="en" lang="en">
 <head>
  <title>
</title>
<meta http-equiv="Content-Type" content="text/html;charset=utf-8" />
  <meta name='ocr-system' content='tesseract 3.04.00' />
  <meta name='ocr-capabilities' content='ocr_page ocr_carea ocr_par ocr_line ocrx_word'/>
</head>
<body>
  <div class='ocr_page' id='page_1' title='image "./onomasticon01polluoft/onomasticon01polluoft_0608.png"; bbox 0 0 1670 3008; ppageno 0'>
   <div class='ocr_carea' id='block_1_1' title="bbox 193 123 927 166">
    <p class='ocr_par' dir='ltr' id='par_1_1' title="bbox 193 123 927 166">
     <span class='ocr_line' id='line_1_1' title="bbox 193 123 927 166; baseline -0.003 -3"><span class='ocrx_word' id='word_1_1' title='bbox 193 123 276 165; x_wconf 86' lang='lat'><strong><em>208</em></strong></span> <span class='ocrx_word' id='word_1_2' title='bbox 749 124 813 162; x_wconf 78' lang='grc' dir='ltr'><strong><em>Χ.’</em></strong></span> <span class='ocrx_word' id='word_1_3' title='bbox 862 126 927 166; x_wconf 82' lang='lat'><strong><em>12.</em></strong></span> 
     </span>
    </p>
   </div>
   <div class='ocr_carea' id='block_1_2' title="bbox 123 227 1588 2637">
    <p class='ocr_par' dir='ltr' id='par_1_2' title="bbox 123 227 1588 2637">
     <span class='ocr_line' id='line_1_2' title="bbox 192 227 1483 291; baseline 0.005 -19"><span class='ocrx_word' id='word_1_4' title='bbox 192 232 327 272; x_wconf 84' lang='grc' dir='ltr'><strong><em>ταῦτα</em></strong></span> <span class='ocrx_word' id='word_1_5' title='bbox 353 227 440 272; x_wconf 79' lang='grc' dir='ltr'><strong><em>ὑπὸ</em></strong></span> <span class='ocrx_word' id='word_1_6' title='bbox 470 233 560 272; x_wconf 85' lang='grc' dir='ltr'><strong><em>τῶν</em></strong></span> <span class='ocrx_word' id='word_1_7' title='bbox 595 228 815 285; x_wconf 80' lang='grc' dir='ltr'><strong><em>νεωτέρων</em></strong></span> <span class='ocrx_word' id='word_1_8' title='bbox 837 231 923 274; x_wconf 15' lang='grc' dir='ltr'><strong><em>,καὶ</em></strong></span> <span class='ocrx_word' id='word_1_9' title='bbox 956 232 1149 286; x_wconf 77' lang='grc' dir='ltr'><strong><em>μαλακοὶ,</em></strong></span> <span class='ocrx_word' id='word_1_10' title='bbox 1177 232 1326 290; x_wconf 76' lang='grc' dir='ltr'><strong><em>’ῶσπερ</em></strong></span> <span class='ocrx_word' id='word_1_11' title='bbox 1366 231 1483 291; x_wconf 78' lang='grc' dir='ltr'><strong><em>εὐμε-</em></strong></span> 
     </span>
     <span class='ocr_line' id='line_1_3' title="bbox 139 294 1484 358; baseline 0.005 -20"><span class='ocrx_word' id='word_1_12' title='bbox 139 298 440 351; x_wconf 82' lang='grc' dir='ltr'><strong><em>12ταχείριστα.</em></strong></span> <span class='ocrx_word' id='word_1_13' title='bbox 498 294 587 347; x_wconf 70' lang='grc' dir='ltr'><strong><em>*ὥς</em></strong></span> <span class='ocrx_word' id='word_1_14' title='bbox 623 294 710 339; x_wconf 83' lang='grc' dir='ltr'><strong><em>εἶπε</em></strong></span> <span class='ocrx_word' id='word_1_15' title='bbox 738 297 995 354; x_wconf 86' lang='grc' dir='ltr'><strong><em>Μένανδρος</em></strong></span> <span class='ocrx_word' id='word_1_16' title='bbox 1028 299 1076 342; x_wconf 78' lang='grc' dir='ltr'><strong><em>ἐν</em></strong></span> <span class='ocrx_word' id='word_1_17' title='bbox 1109 304 1163 357; x_wconf 80' lang='grc' dir='ltr'><strong><em>τῇ</em></strong></span> <span class='ocrx_word' id='word_1_18' title='bbox 1191 303 1419 358; x_wconf 80' lang='grc' dir='ltr'><strong><em>Περινθίᾳ,</em></strong></span> <span class='ocrx_word' id='word_1_19' title='bbox 1457 300 1484 345; x_wconf 85' lang='grc' dir='ltr'>ὅ</span> 
     </span>
     <span class='ocr_line' id='line_1_4' title="bbox 189 361 1483 421; baseline 0.005 -16"><span class='ocrx_word' id='word_1_20' title='bbox 189 363 278 406; x_wconf 78' lang='grc' dir='ltr'><strong><em>ἐστι</em></strong></span> <span class='ocrx_word' id='word_1_21' title='bbox 321 361 514 417; x_wconf 76' lang='grc' dir='ltr'><strong><em>μαλακὸν</em></strong></span> <span class='ocrx_word' id='word_1_22' title='bbox 556 362 783 419; x_wconf 77' lang='grc' dir='ltr'><strong><em>συλλαβῶν</em></strong></span> <span class='ocrx_word' id='word_1_23' title='bbox 817 363 865 408; x_wconf 81' lang='grc' dir='ltr'><strong><em>ἐκ</em></strong></span> <span class='ocrx_word' id='word_1_24' title='bbox 899 369 974 421; x_wconf 84' lang='grc' dir='ltr'><strong><em>τῆς</em></strong></span> <span class='ocrx_word' id='word_1_25' title='bbox 1010 364 1172 418; x_wconf 87' lang='grc' dir='ltr'><strong><em>πόλεως</em></strong></span> <span class='ocrx_word' id='word_1_26' title='bbox 1206 365 1257 411; x_wconf 80' lang='grc' dir='ltr'><strong><em>τὸ</em></strong></span> <span class='ocrx_word' id='word_1_27' title='bbox 1296 366 1483 417; x_wconf 79' lang='grc' dir='ltr'><strong><em>σύνολον</em></strong></span> 
     </span>
     <span class='ocr_line' id='line_1_5' title="bbox 189 429 1483 492; baseline 0.005 -21"><span class='ocrx_word' id='word_1_28' title='bbox 189 429 355 486; x_wconf 75' lang='grc' dir='ltr'><strong><em>ἐκπηδᾷ</em></strong></span> <span class='ocrx_word' id='word_1_29' title='bbox 393 433 567 473; x_wconf 78' lang='grc' dir='ltr'><strong><em>θᾶττον.</em></strong></span> <span class='ocrx_word' id='word_1_30' title='bbox 630 432 704 474; x_wconf 81' lang='grc' dir='ltr'><strong><em>καὶ</em></strong></span> <span class='ocrx_word' id='word_1_31' title='bbox 740 433 924 488; x_wconf 83' lang='grc' dir='ltr'><strong><em>Δίφιλος</em></strong></span> <span class='ocrx_word' id='word_1_32' title='bbox 959 432 1005 476; x_wconf 75' lang='grc' dir='ltr'><strong><em>ἓν</em></strong></span> <span class='ocrx_word' id='word_1_33' title='bbox 1035 431 1341 492; x_wconf 76' lang='grc' dir='ltr'><strong><em>Ἀπολιπούσῃ·</em></strong></span> <span class='ocrx_word' id='word_1_34' title='bbox 1392 433 1483 479; x_wconf 84' lang='grc' dir='ltr'><strong><em>εἶτα</em></strong></span> 
     </span>
     <span class='ocr_line' id='line_1_6' title="bbox 187 494 1526 556; baseline 0.005 -18"><span class='ocrx_word' id='word_1_35' title='bbox 187 494 383 551; x_wconf 79' lang='grc' dir='ltr'><strong><em>μαλακόν</em></strong></span> <span class='ocrx_word' id='word_1_36' title='bbox 420 495 447 539; x_wconf 79' lang='grc' dir='ltr'><em>ὃ</em></span> <span class='ocrx_word' id='word_1_37' title='bbox 485 494 653 553; x_wconf 84' lang='grc' dir='ltr'><strong><em>δύστην’</em></strong></span> <span class='ocrx_word' id='word_1_38' title='bbox 695 497 800 554; x_wconf 76' lang='grc' dir='ltr'><strong><em>ἔχεις</em></strong></span> <span class='ocrx_word' id='word_1_39' title='bbox 839 498 1080 552; x_wconf 80' lang='grc' dir='ltr'><strong><em>σκευάριον,</em></strong></span> <span class='ocrx_word' id='word_1_40' title='bbox 1110 499 1377 556; x_wconf 74' lang='grc' dir='ltr'><strong><em>ἐκπωμάτων</em></strong></span> <span class='ocrx_word' id='word_1_41' title='bbox 1405 499 1477 556; x_wconf 79' lang='grc' dir='ltr'><strong><em>ἄρ·</em></strong></span> <span class='ocrx_word' id='word_1_42' title='bbox 1505 505 1526 540; x_wconf 86' lang='grc'><strong><em>5</em></strong></span> 
     </span>
     <span class='ocr_line' id='line_1_7' title="bbox 187 563 1480 626; baseline 0.007 -22"><span class='ocrx_word' id='word_1_43' title='bbox 187 563 398 618; x_wconf 85' lang='grc' dir='ltr'><strong><em>γυρίδιον,</em></strong></span> <span class='ocrx_word' id='word_1_44' title='bbox 429 563 475 607; x_wconf 82' lang='grc' dir='ltr'><strong><em>ἐκ</em></strong></span> <span class='ocrx_word' id='word_1_45' title='bbox 505 563 642 620; x_wconf 89' lang='grc' dir='ltr'><strong><em>δόμου</em></strong></span> <span class='ocrx_word' id='word_1_46' title='bbox 670 565 818 621; x_wconf 72' lang='grc' dir='ltr'><strong><em>λαβών</em></strong></span> <span class='ocrx_word' id='word_1_47' title='bbox 845 566 963 626; x_wconf 84' lang='grc' dir='ltr'><strong><em>τόδε,</em></strong></span> <span class='ocrx_word' id='word_1_48' title='bbox 991 566 1141 619; x_wconf 76' lang='grc' dir='ltr'><strong><em>δώσεις</em></strong></span> <span class='ocrx_word' id='word_1_49' title='bbox 1169 567 1263 624; x_wconf 79' lang='grc' dir='ltr'><strong><em>ἐμοὶ</em></strong></span> <span class='ocrx_word' id='word_1_50' title='bbox 1291 584 1480 624; x_wconf 85' lang='grc' dir='ltr'><strong><em>παρακα-</em></strong></span> 
     </span>
     <span class='ocr_line' id='line_1_8' title="bbox 187 627 1482 691; baseline 0.005 -18"><span class='ocrx_word' id='word_1_51' title='bbox 187 627 397 685; x_wconf 80' lang='grc' dir='ltr'><strong><em>ταθήκην.</em></strong></span> <span class='ocrx_word' id='word_1_52' title='bbox 424 629 504 687; x_wconf 79' lang='grc' dir='ltr'><strong><em>τήν</em></strong></span> <span class='ocrx_word' id='word_1_53' title='bbox 533 631 579 675; x_wconf 82' lang='grc' dir='ltr'><strong><em>δὲ</em></strong></span> <span class='ocrx_word' id='word_1_54' title='bbox 602 630 808 689; x_wconf 83' lang='grc' dir='ltr'><strong><em>τοιαύτην</em></strong></span> <span class='ocrx_word' id='word_1_55' title='bbox 837 633 1121 690; x_wconf 85' lang='grc' dir='ltr'><strong><em>κατασκευὴν,</em></strong></span> <span class='ocrx_word' id='word_1_56' title='bbox 1157 633 1410 691; x_wconf 75' lang='grc' dir='ltr'><strong><em>ἑνδομενίαν,</em></strong></span> <span class='ocrx_word' id='word_1_57' title='bbox 1436 637 1482 679; x_wconf 80' lang='grc' dir='ltr'><strong><em>οἱ</em></strong></span> 
     </span>
     <span class='ocr_line' id='line_1_9' title="bbox 188 698 1480 759; baseline 0.005 -18"><span class='ocrx_word' id='word_1_58' title='bbox 188 698 339 741; x_wconf 84' lang='grc' dir='ltr'><strong><em>πολλοὶ</em></strong></span> <span class='ocrx_word' id='word_1_59' title='bbox 365 701 570 741; x_wconf 87' lang='grc' dir='ltr'><strong><em>καλοῦσιν</em></strong></span> <span class='ocrx_word' id='word_1_60' title='bbox 584 712 594 723; x_wconf 89' lang='grc'><strong><em>·</em></strong></span> <span class='ocrx_word' id='word_1_61' title='bbox 643 699 724 755; x_wconf 71' lang='grc' dir='ltr'><strong><em>ἐγώ</em></strong></span> <span class='ocrx_word' id='word_1_62' title='bbox 763 699 810 743; x_wconf 82' lang='grc' dir='ltr'><strong><em>δὲ</em></strong></span> <span class='ocrx_word' id='word_1_63' title='bbox 853 698 934 744; x_wconf 84' lang='grc' dir='ltr'><strong><em>οὐκ</em></strong></span> <span class='ocrx_word' id='word_1_64' title='bbox 966 700 1124 744; x_wconf 83' lang='grc' dir='ltr'><strong><em>ἐπαινῶ</em></strong></span> <span class='ocrx_word' id='word_1_65' title='bbox 1149 700 1365 758; x_wconf 76' lang='grc' dir='ltr'><strong><em>τοῦνομα·</em></strong></span> <span class='ocrx_word' id='word_1_66' title='bbox 1404 719 1480 759; x_wconf 90' lang='grc' dir='ltr'><strong><em>μη-</em></strong></span> 
     </span>
     <span class='ocr_line' id='line_1_10' title="bbox 186 763 1478 832; baseline 0.001 -21"><span class='ocrx_word' id='word_1_67' title='bbox 186 766 278 811; x_wconf 84' lang='grc' dir='ltr'><strong><em>νύω</em></strong></span> <span class='ocrx_word' id='word_1_68' title='bbox 320 763 547 819; x_wconf 74' lang='grc' dir='ltr'><strong><em>δὲ,’ὅστις</em></strong></span> <span class='ocrx_word' id='word_1_69' title='bbox 584 764 715 809; x_wconf 75' lang='grc' dir='ltr'><strong><em>εἰπών</em></strong></span> <span class='ocrx_word' id='word_1_70' title='bbox 757 763 875 824; x_wconf 75' lang='grc' dir='ltr'><strong><em>αὐτῷ</em></strong></span> <span class='ocrx_word' id='word_1_71' title='bbox 911 765 1218 832; x_wconf 71' lang='grc' dir='ltr'><strong><em>ἀπολογεῖσθαι</em></strong></span> <span class='ocrx_word' id='word_1_72' title='bbox 1262 767 1478 826; x_wconf 83' lang='grc' dir='ltr'><strong><em>βούλοιτο,</em></strong></span> 
     </span>
     <span class='ocr_line' id='line_1_11' title="bbox 187 831 1535 892; baseline 0.003 -14"><span class='ocrx_word' id='word_1_73' title='bbox 187 832 248 886; x_wconf 76' lang='grc' dir='ltr'><strong><em>ῶς</em></strong></span> <span class='ocrx_word' id='word_1_74' title='bbox 275 834 390 878; x_wconf 81' lang='grc' dir='ltr'><strong><em>ἐστὶν</em></strong></span> <span class='ocrx_word' id='word_1_75' title='bbox 418 832 463 876; x_wconf 78' lang='grc' dir='ltr'><strong><em>ἕν</em></strong></span> <span class='ocrx_word' id='word_1_76' title='bbox 491 848 577 875; x_wconf 88' lang='grc' dir='ltr'><strong><em>τινι</em></strong></span> <span class='ocrx_word' id='word_1_77' title='bbox 603 832 776 889; x_wconf 81' lang='grc' dir='ltr'><strong><em>βιβλίῳ,</em></strong></span> <span class='ocrx_word' id='word_1_78' title='bbox 805 831 873 876; x_wconf 81' lang='grc' dir='ltr'><strong><em>ὅτι</em></strong></span> <span class='ocrx_word' id='word_1_79' title='bbox 908 833 956 877; x_wconf 81' lang='grc' dir='ltr'><strong><em>ἐν</em></strong></span> <span class='ocrx_word' id='word_1_80' title='bbox 978 832 1269 891; x_wconf 76' lang='grc' dir='ltr'><strong><em>Ὀλυμπιάδος</em></strong></span> <span class='ocrx_word' id='word_1_81' title='bbox 1295 833 1480 892; x_wconf 82' lang='grc' dir='ltr'><strong><em>ἀπογρα-</em></strong></span> <span class='ocrx_word' id='word_1_82' title='bbox 1491 847 1535 883; x_wconf 88' lang='grc'><strong><em>10</em></strong></span> 
     </span>
     <span class='ocr_line' id='line_1_12' title="bbox 187 897 1588 960; baseline 0.001 -14"><span class='ocrx_word' id='word_1_83' title='bbox 187 906 280 959; x_wconf 88' lang='grc' dir='ltr'><strong><em>φῇ,</em></strong></span> <span class='ocrx_word' id='word_1_84' title='bbox 322 906 375 959; x_wconf 84' lang='grc' dir='ltr'><strong><em>τῇ</em></strong></span> <span class='ocrx_word' id='word_1_85' title='bbox 405 897 502 943; x_wconf 83' lang='grc' dir='ltr'><strong><em>κατ’</em></strong></span> <span class='ocrx_word' id='word_1_86' title='bbox 542 898 681 955; x_wconf 80' lang='grc' dir='ltr'><strong><em>ὄνομα</em></strong></span> <span class='ocrx_word' id='word_1_87' title='bbox 713 900 811 955; x_wconf 88' lang='grc' dir='ltr'><strong><em>περὶ</em></strong></span> <span class='ocrx_word' id='word_1_88' title='bbox 854 905 944 944; x_wconf 91' lang='grc' dir='ltr'><strong><em>τῶν</em></strong></span> <span class='ocrx_word' id='word_1_89' title='bbox 984 903 1191 958; x_wconf 83' lang='grc' dir='ltr'><strong><em>φαμένων</em></strong></span> <span class='ocrx_word' id='word_1_90' title='bbox 1226 902 1480 960; x_wconf 79' lang='grc' dir='ltr'><strong><em>ἀφῃρῆσθαι</em></strong></span> <span class='ocrx_word' id='word_1_91' title='bbox 1531 948 1535 950; x_wconf 11' lang='grc' dir='ltr'><strong><em>ς</em></strong></span> <span class='ocrx_word' id='word_1_92' title='bbox 1584 929 1588 932; x_wconf 58' lang='lat'>&gt;</span> 
     </span>
     <span class='ocr_line' id='line_1_13' title="bbox 185 967 1478 1026; baseline 0.002 -14"><span class='ocrx_word' id='word_1_93' title='bbox 185 967 262 1019; x_wconf 80' lang='grc' dir='ltr'><strong><em>τὰς</em></strong></span> <span class='ocrx_word' id='word_1_94' title='bbox 290 967 451 1022; x_wconf 81' lang='grc' dir='ltr'><strong><em>δόσεις,</em></strong></span> <span class='ocrx_word' id='word_1_95' title='bbox 486 967 623 1019; x_wconf 83' lang='grc' dir='ltr'><strong><em>οὕτως</em></strong></span> <span class='ocrx_word' id='word_1_96' title='bbox 651 968 946 1024; x_wconf 76' lang='grc' dir='ltr'><strong><em>ἐγγέγραπται·</em></strong></span> <span class='ocrx_word' id='word_1_97' title='bbox 974 968 1151 1013; x_wconf 88' lang='grc' dir='ltr'><strong><em>κάλλιον</em></strong></span> <span class='ocrx_word' id='word_1_98' title='bbox 1178 969 1225 1014; x_wconf 81' lang='grc' dir='ltr'><strong><em>δὲ</em></strong></span> <span class='ocrx_word' id='word_1_99' title='bbox 1251 970 1331 1026; x_wconf 76' lang='grc' dir='ltr'><strong><em>τήν</em></strong></span> <span class='ocrx_word' id='word_1_100' title='bbox 1359 970 1478 1014; x_wconf 81' lang='grc' dir='ltr'><strong><em>ἐνδο-</em></strong></span> 
     </span>
     <span class='ocr_line' id='line_1_14' title="bbox 184 1033 1479 1092; baseline 0.001 -13"><span class='ocrx_word' id='word_1_101' title='bbox 184 1037 359 1091; x_wconf 85' lang='grc' dir='ltr'><strong><em>μενίαν,</em></strong></span> <span class='ocrx_word' id='word_1_102' title='bbox 403 1037 689 1092; x_wconf 86' lang='grc' dir='ltr'><strong><em>παγκτησίαν,</em></strong></span> <span class='ocrx_word' id='word_1_103' title='bbox 729 1034 759 1091; x_wconf 83' lang='grc' dir='ltr'><strong><em>ἢ</em></strong></span> <span class='ocrx_word' id='word_1_104' title='bbox 785 1037 1033 1091; x_wconf 85' lang='grc' dir='ltr'><strong><em>παμπησίαν</em></strong></span> <span class='ocrx_word' id='word_1_105' title='bbox 1061 1033 1300 1091; x_wconf 83' lang='grc' dir='ltr'><strong><em>ὀνομάσαι,</em></strong></span> <span class='ocrx_word' id='word_1_106' title='bbox 1337 1035 1396 1088; x_wconf 77' lang='grc' dir='ltr'><strong><em>ῶς</em></strong></span> <span class='ocrx_word' id='word_1_107' title='bbox 1430 1036 1479 1080; x_wconf 76' lang='grc' dir='ltr'><strong><em>ἐν</em></strong></span> 
     </span>
     <span class='ocr_line' id='line_1_15' title="bbox 179 1100 1476 1160; baseline 0 -13"><span class='ocrx_word' id='word_1_108' title='bbox 179 1101 578 1160; x_wconf 78' lang='grc' dir='ltr'><strong><em>Ἐκκλησιαζούσαις</em></strong></span> <span class='ocrx_word' id='word_1_109' title='bbox 607 1100 936 1158; x_wconf 79' lang='grc' dir='ltr'><strong><em>Ἀριστοφάνης·</em></strong></span> <span class='ocrx_word' id='word_1_110' title='bbox 974 1101 1287 1158; x_wconf 72' lang='grc' dir='ltr'><strong><em>τραγικώτερον</em></strong></span> <span class='ocrx_word' id='word_1_111' title='bbox 1328 1103 1410 1159; x_wconf 77' lang='grc' dir='ltr'><strong><em>γάρ</em></strong></span> <span class='ocrx_word' id='word_1_112' title='bbox 1446 1100 1476 1160; x_wconf 83' lang='grc' dir='ltr'><em>ἦ</em></span> 
     </span>
     <span class='ocr_line' id='line_1_16' title="bbox 131 1168 1532 1229; baseline -0.002 -15"><span class='ocrx_word' id='word_1_113' title='bbox 131 1173 436 1227; x_wconf 81' lang='grc' dir='ltr'><strong><em>13παγκληρία.</em></strong></span> <span class='ocrx_word' id='word_1_114' title='bbox 494 1174 519 1199; x_wconf 65' lang='lat'><strong><em>&#39;‘</em></strong></span> <span class='ocrx_word' id='word_1_115' title='bbox 529 1169 582 1214; x_wconf 81' lang='grc' dir='ltr'><strong><em>τοὶ</em></strong></span> <span class='ocrx_word' id='word_1_116' title='bbox 610 1170 656 1214; x_wconf 81' lang='grc' dir='ltr'><strong><em>δὲ</em></strong></span> <span class='ocrx_word' id='word_1_117' title='bbox 693 1168 847 1225; x_wconf 82' lang='grc' dir='ltr'><strong><em>σκεύη,</em></strong></span> <span class='ocrx_word' id='word_1_118' title='bbox 885 1169 959 1213; x_wconf 81' lang='grc' dir='ltr'><strong><em>καὶ</em></strong></span> <span class='ocrx_word' id='word_1_119' title='bbox 993 1169 1196 1225; x_wconf 84' lang='grc' dir='ltr'><strong><em>σκευάρια</em></strong></span> <span class='ocrx_word' id='word_1_120' title='bbox 1231 1172 1360 1226; x_wconf 80' lang='grc' dir='ltr'><strong><em>φίλον</em></strong></span> <span class='ocrx_word' id='word_1_121' title='bbox 1386 1175 1477 1229; x_wconf 89' lang='grc' dir='ltr'><strong><em>τοῖς</em></strong></span> <span class='ocrx_word' id='word_1_122' title='bbox 1489 1177 1532 1212; x_wconf 86' lang='grc'><strong><em>15</em></strong></span> 
     </span>
     <span class='ocr_line' id='line_1_17' title="bbox 184 1233 1474 1296; baseline -0.001 -15"><span class='ocrx_word' id='word_1_123' title='bbox 184 1240 410 1296; x_wconf 81' lang='grc' dir='ltr'><strong><em>κωμῳδοῖς</em></strong></span> <span class='ocrx_word' id='word_1_124' title='bbox 445 1242 601 1281; x_wconf 86' lang='grc' dir='ltr'><strong><em>καλεῖν.</em></strong></span> <span class='ocrx_word' id='word_1_125' title='bbox 641 1234 882 1292; x_wconf 69' lang='grc' dir='ltr'><strong><em>ὠνομάζετο</em></strong></span> <span class='ocrx_word' id='word_1_126' title='bbox 921 1233 966 1279; x_wconf 84' lang='grc' dir='ltr'><strong><em>δέ</em></strong></span> <span class='ocrx_word' id='word_1_127' title='bbox 999 1252 1097 1279; x_wconf 90' lang='grc' dir='ltr'><strong><em>τινα</em></strong></span> <span class='ocrx_word' id='word_1_128' title='bbox 1133 1235 1264 1293; x_wconf 84' lang='grc' dir='ltr'><strong><em>σκεύη</em></strong></span> <span class='ocrx_word' id='word_1_129' title='bbox 1293 1236 1474 1293; x_wconf 77' lang='grc' dir='ltr'><strong><em>ἔμπυρα,</em></strong></span> 
     </span>
     <span class='ocr_line' id='line_1_18' title="bbox 183 1300 1475 1362; baseline 0.001 -15"><span class='ocrx_word' id='word_1_130' title='bbox 183 1305 257 1348; x_wconf 81' lang='grc' dir='ltr'><strong><em>καὶ</em></strong></span> <span class='ocrx_word' id='word_1_131' title='bbox 291 1303 459 1362; x_wconf 79' lang='grc' dir='ltr'><strong><em>ἄπυρα,</em></strong></span> <span class='ocrx_word' id='word_1_132' title='bbox 500 1303 641 1360; x_wconf 72' lang='grc' dir='ltr'><strong><em>ὥσπερ</em></strong></span> <span class='ocrx_word' id='word_1_133' title='bbox 690 1303 763 1348; x_wconf 86' lang='grc' dir='ltr'><strong><em>καὶ</em></strong></span> <span class='ocrx_word' id='word_1_134' title='bbox 807 1300 935 1358; x_wconf 83' lang='grc' dir='ltr'><strong><em>σκεύη</em></strong></span> <span class='ocrx_word' id='word_1_135' title='bbox 971 1302 1189 1359; x_wconf 76' lang='grc' dir='ltr'><strong><em>τριηρικά,</em></strong></span> <span class='ocrx_word' id='word_1_136' title='bbox 1234 1304 1309 1348; x_wconf 88' lang='grc' dir='ltr'><strong><em>καὶ</em></strong></span> <span class='ocrx_word' id='word_1_137' title='bbox 1345 1303 1475 1360; x_wconf 78' lang='grc' dir='ltr'><strong><em>σκεύη</em></strong></span> 
     </span>
     <span class='ocr_line' id='line_1_19' title="bbox 182 1367 1475 1428; baseline 0.001 -15"><span class='ocrx_word' id='word_1_138' title='bbox 182 1370 384 1416; x_wconf 85' lang='grc' dir='ltr'><strong><em>ναυτικά·</em></strong></span> <span class='ocrx_word' id='word_1_139' title='bbox 427 1369 501 1428; x_wconf 75' lang='grc' dir='ltr'><strong><em>ἐφ’</em></strong></span> <span class='ocrx_word' id='word_1_140' title='bbox 543 1367 605 1416; x_wconf 77' lang='grc' dir='ltr'><strong><em>ὦν</em></strong></span> <span class='ocrx_word' id='word_1_141' title='bbox 633 1369 657 1415; x_wconf 89' lang='grc' dir='ltr'>ὁ</span> <span class='ocrx_word' id='word_1_142' title='bbox 696 1373 905 1426; x_wconf 76' lang='grc' dir='ltr'><strong><em>Ξενοφῶν</em></strong></span> <span class='ocrx_word' id='word_1_143' title='bbox 942 1370 1020 1425; x_wconf 82' lang='grc' dir='ltr'><strong><em>μὲν</em></strong></span> <span class='ocrx_word' id='word_1_144' title='bbox 1057 1368 1186 1426; x_wconf 83' lang='grc' dir='ltr'><strong><em>σκεύη</em></strong></span> <span class='ocrx_word' id='word_1_145' title='bbox 1221 1369 1370 1422; x_wconf 77' lang='grc' dir='ltr'><strong><em>ξύλινα</em></strong></span> <span class='ocrx_word' id='word_1_146' title='bbox 1401 1371 1475 1414; x_wconf 78' lang='grc' dir='ltr'><strong><em>καὶ</em></strong></span> 
     </span>
     <span class='ocr_line' id='line_1_20' title="bbox 181 1435 1474 1494; baseline 0.002 -14"><span class='ocrx_word' id='word_1_147' title='bbox 181 1437 418 1494; x_wconf 84' lang='grc' dir='ltr'><strong><em>κρεμαστά·</em></strong></span> <span class='ocrx_word' id='word_1_148' title='bbox 448 1437 472 1482; x_wconf 89' lang='grc' dir='ltr'>ὁ</span> <span class='ocrx_word' id='word_1_149' title='bbox 503 1439 549 1482; x_wconf 81' lang='grc' dir='ltr'><strong><em>δὲ</em></strong></span> <span class='ocrx_word' id='word_1_150' title='bbox 575 1437 859 1493; x_wconf 77' lang='grc' dir='ltr'><strong><em>Δημοσθένης</em></strong></span> <span class='ocrx_word' id='word_1_151' title='bbox 887 1438 959 1480; x_wconf 87' lang='grc' dir='ltr'><strong><em>καὶ</em></strong></span> <span class='ocrx_word' id='word_1_152' title='bbox 987 1435 1225 1494; x_wconf 79' lang='grc' dir='ltr'><strong><em>ἀποτριβήν</em></strong></span> <span class='ocrx_word' id='word_1_153' title='bbox 1246 1438 1335 1481; x_wconf 83' lang='grc' dir='ltr'><strong><em>τῶν</em></strong></span> <span class='ocrx_word' id='word_1_154' title='bbox 1354 1448 1474 1482; x_wconf 87' lang='grc' dir='ltr'><strong><em>σκευ-</em></strong></span> 
     </span>
     <span class='ocr_line' id='line_1_21' title="bbox 182 1503 1528 1562; baseline 0 -14"><span class='ocrx_word' id='word_1_155' title='bbox 182 1508 258 1548; x_wconf 86' lang='grc' dir='ltr'><strong><em>ῶν.</em></strong></span> <span class='ocrx_word' id='word_1_156' title='bbox 311 1504 531 1562; x_wconf 82' lang='grc' dir='ltr'><strong><em>Ὀνόματα</em></strong></span> <span class='ocrx_word' id='word_1_157' title='bbox 559 1505 605 1550; x_wconf 81' lang='grc' dir='ltr'><strong><em>δὲ</em></strong></span> <span class='ocrx_word' id='word_1_158' title='bbox 627 1503 697 1549; x_wconf 75' lang='grc' dir='ltr'><strong><em>ἀπ’</em></strong></span> <span class='ocrx_word' id='word_1_159' title='bbox 715 1504 861 1549; x_wconf 81' lang='grc' dir='ltr'><strong><em>αὐτῶν</em></strong></span> <span class='ocrx_word' id='word_1_160' title='bbox 879 1506 1116 1560; x_wconf 82' lang='grc' dir='ltr'><strong><em>πεποίηται,</em></strong></span> <span class='ocrx_word' id='word_1_161' title='bbox 1145 1503 1195 1548; x_wconf 83' lang='grc' dir='ltr'><strong><em>τὸ</em></strong></span> <span class='ocrx_word' id='word_1_162' title='bbox 1214 1503 1470 1549; x_wconf 78' lang='grc' dir='ltr'><strong><em>κατασκευά·</em></strong></span> <span class='ocrx_word' id='word_1_163' title='bbox 1481 1513 1528 1548; x_wconf 83' lang='grc'><strong><em>20</em></strong></span> 
     </span>
     <span class='ocr_line' id='line_1_22' title="bbox 183 1570 1472 1631; baseline 0.001 -16"><span class='ocrx_word' id='word_1_164' title='bbox 183 1577 343 1617; x_wconf 77' lang='grc' dir='ltr'><strong><em>σασθαι</em></strong></span> <span class='ocrx_word' id='word_1_165' title='bbox 370 1574 449 1631; x_wconf 82' lang='grc' dir='ltr'><strong><em>τὴν</em></strong></span> <span class='ocrx_word' id='word_1_166' title='bbox 477 1575 618 1618; x_wconf 84' lang='grc' dir='ltr'><strong><em>οἰκίαν</em></strong></span> <span class='ocrx_word' id='word_1_167' title='bbox 643 1578 735 1624; x_wconf 89' lang='grc' dir='ltr'><strong><em>τοῖς</em></strong></span> <span class='ocrx_word' id='word_1_168' title='bbox 762 1570 966 1624; x_wconf 80' lang='grc' dir='ltr'><strong><em>σκεύεσιν,</em></strong></span> <span class='ocrx_word' id='word_1_169' title='bbox 993 1570 1023 1628; x_wconf 75' lang='grc' dir='ltr'><strong><em>ἢ</em></strong></span> <span class='ocrx_word' id='word_1_170' title='bbox 1047 1571 1125 1618; x_wconf 81' lang='grc' dir='ltr'><strong><em>τὸν</em></strong></span> <span class='ocrx_word' id='word_1_171' title='bbox 1152 1570 1300 1628; x_wconf 81' lang='grc' dir='ltr'><strong><em>ἆγρὸν,</em></strong></span> <span class='ocrx_word' id='word_1_172' title='bbox 1327 1571 1358 1628; x_wconf 75' lang='grc' dir='ltr'><em>ἢ</em></span> <span class='ocrx_word' id='word_1_173' title='bbox 1384 1571 1472 1620; x_wconf 84' lang='grc' dir='ltr'><strong><em>ὁτι-</em></strong></span> 
     </span>
     <span class='ocr_line' id='line_1_23' title="bbox 129 1637 1472 1697; baseline 0.003 -17"><span class='ocrx_word' id='word_1_174' title='bbox 129 1638 351 1696; x_wconf 86' lang='grc' dir='ltr'><strong><em>14δήποτε,</em></strong></span> <span class='ocrx_word' id='word_1_175' title='bbox 418 1641 541 1684; x_wconf 68' lang='grc' dir='ltr'><strong><em>*Καὶ</em></strong></span> <span class='ocrx_word' id='word_1_176' title='bbox 567 1640 714 1697; x_wconf 82' lang='grc' dir='ltr'><strong><em>μέντοι</em></strong></span> <span class='ocrx_word' id='word_1_177' title='bbox 738 1640 767 1697; x_wconf 81' lang='grc' dir='ltr'><em>ἡ</em></span> <span class='ocrx_word' id='word_1_178' title='bbox 804 1639 956 1697; x_wconf 78' lang='grc' dir='ltr'><strong><em>σκευή,</em></strong></span> <span class='ocrx_word' id='word_1_179' title='bbox 991 1642 1072 1684; x_wconf 82' lang='grc' dir='ltr'><strong><em>εἴτε</em></strong></span> <span class='ocrx_word' id='word_1_180' title='bbox 1097 1637 1124 1695; x_wconf 81' lang='grc' dir='ltr'><em>ἦ</em></span> <span class='ocrx_word' id='word_1_181' title='bbox 1154 1637 1360 1696; x_wconf 69' lang='grc' dir='ltr'><strong><em>ὁπλιτικὴ,</em></strong></span> <span class='ocrx_word' id='word_1_182' title='bbox 1389 1642 1472 1684; x_wconf 79' lang='grc' dir='ltr'><strong><em>εἴτε</em></strong></span> 
     </span>
     <span class='ocr_line' id='line_1_24' title="bbox 179 1703 1470 1765; baseline 0 -15"><span class='ocrx_word' id='word_1_183' title='bbox 179 1705 207 1762; x_wconf 80' lang='grc' dir='ltr'><em>ἦ</em></span> <span class='ocrx_word' id='word_1_184' title='bbox 237 1712 324 1751; x_wconf 86' lang='grc' dir='ltr'><strong><em>τῶν</em></strong></span> <span class='ocrx_word' id='word_1_185' title='bbox 351 1706 621 1764; x_wconf 75' lang='grc' dir='ltr'><strong><em>ὑποκριτῶν,</em></strong></span> <span class='ocrx_word' id='word_1_186' title='bbox 649 1710 731 1752; x_wconf 79' lang='grc' dir='ltr'><strong><em>εἴτε</em></strong></span> <span class='ocrx_word' id='word_1_187' title='bbox 758 1706 786 1765; x_wconf 81' lang='grc' dir='ltr'><em>ἦ</em></span> <span class='ocrx_word' id='word_1_188' title='bbox 814 1712 902 1752; x_wconf 89' lang='grc' dir='ltr'><strong><em>τῶν</em></strong></span> <span class='ocrx_word' id='word_1_189' title='bbox 929 1706 1193 1764; x_wconf 70' lang='grc' dir='ltr'><strong><em>ὑποζυγίων·</em></strong></span> <span class='ocrx_word' id='word_1_190' title='bbox 1223 1703 1304 1762; x_wconf 79' lang='grc' dir='ltr'><strong><em>ἀφ’</em></strong></span> <span class='ocrx_word' id='word_1_191' title='bbox 1333 1703 1386 1763; x_wconf 86' lang='grc' dir='ltr'><strong><em>ἧς</em></strong></span> <span class='ocrx_word' id='word_1_192' title='bbox 1412 1709 1470 1750; x_wconf 77' lang='grc' dir='ltr'><strong><em>εἰ-</em></strong></span> 
     </span>
     <span class='ocr_line' id='line_1_25' title="bbox 179 1769 1469 1831; baseline 0.001 -15"><span class='ocrx_word' id='word_1_193' title='bbox 179 1790 306 1829; x_wconf 86' lang='grc' dir='ltr'><strong><em>ρηται</em></strong></span> <span class='ocrx_word' id='word_1_194' title='bbox 334 1774 399 1828; x_wconf 84' lang='grc' dir='ltr'><strong><em>τὸ,</em></strong></span> <span class='ocrx_word' id='word_1_195' title='bbox 428 1773 764 1830; x_wconf 79' lang='grc' dir='ltr'><strong><em>ἐπεσκευασμένα</em></strong></span> <span class='ocrx_word' id='word_1_196' title='bbox 783 1769 840 1831; x_wconf 80' lang='grc' dir='ltr'><strong><em>ἦν</em></strong></span> <span class='ocrx_word' id='word_1_197' title='bbox 856 1775 909 1818; x_wconf 77' lang='grc' dir='ltr'><strong><em>τοὶ</em></strong></span> <span class='ocrx_word' id='word_1_198' title='bbox 923 1773 1154 1830; x_wconf 79' lang='grc' dir='ltr'><strong><em>ὑποζύγια,</em></strong></span> <span class='ocrx_word' id='word_1_199' title='bbox 1190 1770 1286 1817; x_wconf 85' lang='grc' dir='ltr'><strong><em>οἶον</em></strong></span> <span class='ocrx_word' id='word_1_200' title='bbox 1312 1774 1469 1829; x_wconf 75' lang='grc' dir='ltr'><strong><em>ἐστρω·</em></strong></span> 
     </span>
     <span class='ocr_line' id='line_1_26' title="bbox 177 1839 1521 1897; baseline -0.001 -15"><span class='ocrx_word' id='word_1_201' title='bbox 177 1841 432 1896; x_wconf 83' lang='grc' dir='ltr'><strong><em>ματισμένα·</em></strong></span> <span class='ocrx_word' id='word_1_202' title='bbox 504 1842 577 1886; x_wconf 83' lang='grc' dir='ltr'><strong><em>καὶ</em></strong></span> <span class='ocrx_word' id='word_1_203' title='bbox 617 1844 664 1885; x_wconf 78' lang='grc' dir='ltr'><strong><em>αἱ</em></strong></span> <span class='ocrx_word' id='word_1_204' title='bbox 697 1841 961 1897; x_wconf 82' lang='grc' dir='ltr'><strong><em>σκευαγωγοὶ</em></strong></span> <span class='ocrx_word' id='word_1_205' title='bbox 999 1840 1045 1884; x_wconf 81' lang='grc' dir='ltr'><strong><em>δὲ</em></strong></span> <span class='ocrx_word' id='word_1_206' title='bbox 1079 1839 1250 1895; x_wconf 75' lang='grc' dir='ltr'><strong><em>ἅμαξαι·</em></strong></span> <span class='ocrx_word' id='word_1_207' title='bbox 1297 1840 1370 1884; x_wconf 83' lang='grc' dir='ltr'><strong><em>καὶ</em></strong></span> <span class='ocrx_word' id='word_1_208' title='bbox 1391 1865 1393 1867; x_wconf 84' lang='grc'><strong><em>·</em></strong></span> <span class='ocrx_word' id='word_1_209' title='bbox 1411 1839 1521 1883; x_wconf 77' lang='grc' dir='ltr'><strong><em>τά25</em></strong></span> 
     </span>
     <span class='ocr_line' id='line_1_27' title="bbox 178 1905 1467 1963; baseline 0.001 -14"><span class='ocrx_word' id='word_1_210' title='bbox 178 1906 447 1963; x_wconf 87' lang='grc' dir='ltr'><strong><em>σκευοφόρα·</em></strong></span> <span class='ocrx_word' id='word_1_211' title='bbox 483 1910 557 1951; x_wconf 86' lang='grc' dir='ltr'><strong><em>καὶ</em></strong></span> <span class='ocrx_word' id='word_1_212' title='bbox 593 1909 640 1952; x_wconf 82' lang='grc' dir='ltr'><strong><em>ἐν</em></strong></span> <span class='ocrx_word' id='word_1_213' title='bbox 666 1907 904 1963; x_wconf 84' lang='grc' dir='ltr'><strong><em>Βατράχοις</em></strong></span> <span class='ocrx_word' id='word_1_214' title='bbox 934 1905 1290 1962; x_wconf 79' lang='grc' dir='ltr'><strong><em>Ἀριστοφάνους,</em></strong></span> <span class='ocrx_word' id='word_1_215' title='bbox 1319 1917 1467 1950; x_wconf 85' lang='grc' dir='ltr'><strong><em>σκευο-</em></strong></span> 
     </span>
     <span class='ocr_line' id='line_1_28' title="bbox 178 1971 1464 2033; baseline 0.003 -17"><span class='ocrx_word' id='word_1_216' title='bbox 178 1971 318 2028; x_wconf 91' lang='grc' dir='ltr'><strong><em>φόρος</em></strong></span> <span class='ocrx_word' id='word_1_217' title='bbox 336 1988 346 1998; x_wconf 86' lang='grc'><strong><em>·</em></strong></span> <span class='ocrx_word' id='word_1_218' title='bbox 389 1977 463 2019; x_wconf 83' lang='grc' dir='ltr'><strong><em>καὶ</em></strong></span> <span class='ocrx_word' id='word_1_219' title='bbox 495 1975 544 2019; x_wconf 81' lang='grc' dir='ltr'><strong><em>τό</em></strong></span> <span class='ocrx_word' id='word_1_220' title='bbox 575 1977 690 2033; x_wconf 80' lang='grc' dir='ltr'><strong><em>ῥῆμα</em></strong></span> <span class='ocrx_word' id='word_1_221' title='bbox 717 1973 1136 2029; x_wconf 11' lang='grc' dir='ltr'><strong><em>σκευαγωγεῖν,γκαὶ</em></strong></span> <span class='ocrx_word' id='word_1_222' title='bbox 1163 1981 1464 2032; x_wconf 86' lang='grc' dir='ltr'><strong><em>σκευοφορεῖν·</em></strong></span> 
     </span>
     <span class='ocr_line' id='line_1_29' title="bbox 176 2038 1466 2097; baseline 0.002 -13"><span class='ocrx_word' id='word_1_223' title='bbox 176 2042 250 2085; x_wconf 87' lang='grc' dir='ltr'><strong><em>καὶ</em></strong></span> <span class='ocrx_word' id='word_1_224' title='bbox 277 2040 325 2084; x_wconf 86' lang='grc' dir='ltr'>τὸ</span> <span class='ocrx_word' id='word_1_225' title='bbox 358 2039 722 2096; x_wconf 78' lang='grc' dir='ltr'><strong><em>ἆνασκευάζεσθαι</em></strong></span> <span class='ocrx_word' id='word_1_226' title='bbox 748 2040 802 2085; x_wconf 79' lang='grc' dir='ltr'><strong><em>τὰ</em></strong></span> <span class='ocrx_word' id='word_1_227' title='bbox 829 2040 874 2083; x_wconf 79' lang='grc' dir='ltr'><strong><em>ἐκ</em></strong></span> <span class='ocrx_word' id='word_1_228' title='bbox 899 2045 988 2084; x_wconf 89' lang='grc' dir='ltr'><strong><em>τῶν</em></strong></span> <span class='ocrx_word' id='word_1_229' title='bbox 1012 2038 1178 2095; x_wconf 73' lang='grc' dir='ltr'><strong><em>ἀγρῶν,</em></strong></span> <span class='ocrx_word' id='word_1_230' title='bbox 1206 2041 1280 2084; x_wconf 85' lang='grc' dir='ltr'><strong><em>καὶ</em></strong></span> <span class='ocrx_word' id='word_1_231' title='bbox 1306 2041 1356 2097; x_wconf 82' lang='grc' dir='ltr'><strong><em>τό</em></strong></span> <span class='ocrx_word' id='word_1_232' title='bbox 1383 2042 1466 2086; x_wconf 81' lang='grc' dir='ltr'><strong><em>ἐνε-</em></strong></span> 
     </span>
     <span class='ocr_line' id='line_1_30' title="bbox 178 2105 1465 2164; baseline 0 -12"><span class='ocrx_word' id='word_1_233' title='bbox 178 2107 416 2152; x_wconf 78' lang='grc' dir='ltr'><strong><em>σκευάσθαι</em></strong></span> <span class='ocrx_word' id='word_1_234' title='bbox 451 2125 548 2152; x_wconf 82' lang='grc' dir='ltr'><strong><em>τινα</em></strong></span> <span class='ocrx_word' id='word_1_235' title='bbox 586 2108 763 2164; x_wconf 86' lang='grc' dir='ltr'><strong><em>σκευὴν,</em></strong></span> <span class='ocrx_word' id='word_1_236' title='bbox 802 2107 875 2150; x_wconf 87' lang='grc' dir='ltr'><strong><em>καὶ</em></strong></span> <span class='ocrx_word' id='word_1_237' title='bbox 900 2106 949 2151; x_wconf 81' lang='grc' dir='ltr'><strong><em>τό</em></strong></span> <span class='ocrx_word' id='word_1_238' title='bbox 985 2105 1238 2152; x_wconf 79' lang='grc' dir='ltr'><strong><em>ἐνσκευάσαι</em></strong></span> <span class='ocrx_word' id='word_1_239' title='bbox 1266 2124 1308 2152; x_wconf 90' lang='grc' dir='ltr'><strong><em>τι</em></strong></span> <span class='ocrx_word' id='word_1_240' title='bbox 1334 2113 1465 2164; x_wconf 82' lang='grc' dir='ltr'><strong><em>πρᾶγ-</em></strong></span> 
     </span>
     <span class='ocr_line' id='line_1_31' title="bbox 177 2173 1518 2232; baseline 0.001 -12"><span class='ocrx_word' id='word_1_241' title='bbox 177 2190 259 2232; x_wconf 88' lang='grc' dir='ltr'><strong><em>μα·</em></strong></span> <span class='ocrx_word' id='word_1_242' title='bbox 302 2177 376 2220; x_wconf 85' lang='grc' dir='ltr'><strong><em>καὶ</em></strong></span> <span class='ocrx_word' id='word_1_243' title='bbox 404 2178 448 2220; x_wconf 81' lang='grc' dir='ltr'><strong><em>οἱ</em></strong></span> <span class='ocrx_word' id='word_1_244' title='bbox 473 2175 589 2231; x_wconf 71' lang='grc' dir='ltr'><strong><em>παρὰ</em></strong></span> <span class='ocrx_word' id='word_1_245' title='bbox 619 2177 866 2230; x_wconf 77' lang='grc' dir='ltr'><strong><em>Θουκυδίδῃ</em></strong></span> <span class='ocrx_word' id='word_1_246' title='bbox 895 2173 1049 2229; x_wconf 65' lang='grc' dir='ltr'><strong><em>ὅμοροι</em></strong></span> <span class='ocrx_word' id='word_1_247' title='bbox 1074 2189 1118 2215; x_wconf 88' lang='grc' dir='ltr'><strong><em>τε</em></strong></span> <span class='ocrx_word' id='word_1_248' title='bbox 1147 2179 1236 2225; x_wconf 90' lang='grc' dir='ltr'><strong><em>τοῖς</em></strong></span> <span class='ocrx_word' id='word_1_249' title='bbox 1264 2174 1518 2227; x_wconf 74' lang='grc' dir='ltr'><strong><em>Σκύθαιςδο</em></strong></span> 
     </span>
     <span class='ocr_line' id='line_1_32' title="bbox 123 2237 1516 2299; baseline 0.001 -12"><span class='ocrx_word' id='word_1_250' title='bbox 123 2243 250 2289; x_wconf 85' lang='grc' dir='ltr'><strong><em>15καὶ</em></strong></span> <span class='ocrx_word' id='word_1_251' title='bbox 277 2241 528 2299; x_wconf 83' lang='grc' dir='ltr'><strong><em>ὁμόσκευοι·</em></strong></span> <span class='ocrx_word' id='word_1_252' title='bbox 565 2243 639 2286; x_wconf 88' lang='grc' dir='ltr'><strong><em>καὶ</em></strong></span> <span class='ocrx_word' id='word_1_253' title='bbox 675 2240 957 2292; x_wconf 80' lang='grc' dir='ltr'><strong><em>αὕτόσκευος,</em></strong></span> <span class='ocrx_word' id='word_1_254' title='bbox 1001 2238 1024 2284; x_wconf 92' lang='grc' dir='ltr'>ὁ</span> <span class='ocrx_word' id='word_1_255' title='bbox 1058 2237 1321 2297; x_wconf 74' lang='grc' dir='ltr'><strong><em>αὐτουργός·</em></strong></span> <span class='ocrx_word' id='word_1_256' title='bbox 1357 2243 1462 2286; x_wconf 72' lang='grc' dir='ltr'><strong><em>*καὶ</em></strong></span> <span class='ocrx_word' id='word_1_257' title='bbox 1511 2284 1516 2288; x_wconf 87' lang='grc'><em>.</em></span> 
     </span>
     <span class='ocr_line' id='line_1_33' title="bbox 176 2305 1463 2365; baseline 0 -11"><span class='ocrx_word' id='word_1_258' title='bbox 176 2309 380 2362; x_wconf 78' lang='grc' dir='ltr'><strong><em>ἄσκευος,</em></strong></span> <span class='ocrx_word' id='word_1_259' title='bbox 409 2309 433 2354; x_wconf 88' lang='grc' dir='ltr'>ὁ</span> <span class='ocrx_word' id='word_1_260' title='bbox 463 2308 605 2361; x_wconf 82' lang='grc' dir='ltr'><strong><em>ψιλός·</em></strong></span> <span class='ocrx_word' id='word_1_261' title='bbox 634 2310 708 2353; x_wconf 85' lang='grc' dir='ltr'><strong><em>καὶ</em></strong></span> <span class='ocrx_word' id='word_1_262' title='bbox 742 2307 1051 2360; x_wconf 82' lang='grc' dir='ltr'><strong><em>ἀκατάσκευος,</em></strong></span> <span class='ocrx_word' id='word_1_263' title='bbox 1093 2305 1116 2350; x_wconf 91' lang='grc' dir='ltr'>ὁ</span> <span class='ocrx_word' id='word_1_264' title='bbox 1144 2305 1326 2364; x_wconf 77' lang='grc' dir='ltr'><strong><em>εὐτελής.</em></strong></span> <span class='ocrx_word' id='word_1_265' title='bbox 1357 2308 1463 2365; x_wconf 83' lang='grc' dir='ltr'><strong><em>τάχα</em></strong></span> 
     </span>
     <span class='ocr_line' id='line_1_34' title="bbox 174 2372 1460 2433; baseline -0.002 -12"><span class='ocrx_word' id='word_1_266' title='bbox 174 2379 220 2422; x_wconf 81' lang='grc' dir='ltr'><strong><em>δὲ</em></strong></span> <span class='ocrx_word' id='word_1_267' title='bbox 249 2376 334 2421; x_wconf 79' lang='grc' dir='ltr'><strong><em>άπὸ</em></strong></span> <span class='ocrx_word' id='word_1_268' title='bbox 362 2376 528 2421; x_wconf 85' lang='grc' dir='ltr'><strong><em>τούτων</em></strong></span> <span class='ocrx_word' id='word_1_269' title='bbox 566 2376 639 2419; x_wconf 84' lang='grc' dir='ltr'><strong><em>καὶ</em></strong></span> <span class='ocrx_word' id='word_1_270' title='bbox 675 2375 703 2433; x_wconf 81' lang='grc' dir='ltr'><strong><em>ἡ</em></strong></span> <span class='ocrx_word' id='word_1_271' title='bbox 743 2377 1014 2423; x_wconf 87' lang='grc' dir='ltr'><strong><em>σκευοποιία,</em></strong></span> <span class='ocrx_word' id='word_1_272' title='bbox 1056 2374 1129 2417; x_wconf 89' lang='grc' dir='ltr'><strong><em>καὶ</em></strong></span> <span class='ocrx_word' id='word_1_273' title='bbox 1163 2372 1192 2430; x_wconf 81' lang='grc' dir='ltr'><strong><em>ἡ</em></strong></span> <span class='ocrx_word' id='word_1_274' title='bbox 1235 2377 1460 2431; x_wconf 79' lang='grc' dir='ltr'><strong><em>σκευωρία,</em></strong></span> 
     </span>
     <span class='ocr_line' id='line_1_35' title="bbox 173 2438 1458 2500; baseline -0.003 -12"><span class='ocrx_word' id='word_1_275' title='bbox 173 2446 246 2489; x_wconf 84' lang='grc' dir='ltr'><strong><em>καὶ</em></strong></span> <span class='ocrx_word' id='word_1_276' title='bbox 289 2444 338 2489; x_wconf 87' lang='grc' dir='ltr'>τὸ</span> <span class='ocrx_word' id='word_1_277' title='bbox 382 2442 765 2499; x_wconf 79' lang='grc' dir='ltr'><strong><em>ἐσκευοποιημένον</em></strong></span> <span class='ocrx_word' id='word_1_278' title='bbox 801 2448 997 2500; x_wconf 81' lang='grc' dir='ltr'><strong><em>πρᾶγμα,</em></strong></span> <span class='ocrx_word' id='word_1_279' title='bbox 1035 2438 1093 2492; x_wconf 79' lang='grc' dir='ltr'><strong><em>ῶς</em></strong></span> <span class='ocrx_word' id='word_1_280' title='bbox 1127 2439 1279 2492; x_wconf 87' lang='grc' dir='ltr'><strong><em>Ἰσαῖος</em></strong></span> <span class='ocrx_word' id='word_1_281' title='bbox 1315 2442 1361 2485; x_wconf 81' lang='grc' dir='ltr'><strong><em>ἐν</em></strong></span> <span class='ocrx_word' id='word_1_282' title='bbox 1396 2447 1458 2500; x_wconf 73' lang='grc' dir='ltr'><strong><em>τῷ</em></strong></span> 
     </span>
     <span class='ocr_line' id='line_1_36' title="bbox 171 2507 1512 2568; baseline -0.003 -13"><span class='ocrx_word' id='word_1_283' title='bbox 171 2512 268 2567; x_wconf 85' lang='grc' dir='ltr'><strong><em>περὶ</em></strong></span> <span class='ocrx_word' id='word_1_284' title='bbox 302 2516 380 2555; x_wconf 83' lang='grc' dir='ltr'><strong><em>τοῦ</em></strong></span> <span class='ocrx_word' id='word_1_285' title='bbox 412 2510 702 2567; x_wconf 78' lang='grc' dir='ltr'><strong><em>Ἀρχεπόλιδος</em></strong></span> <span class='ocrx_word' id='word_1_286' title='bbox 739 2510 923 2568; x_wconf 83' lang='grc' dir='ltr'><strong><em>κλήρου,</em></strong></span> <span class='ocrx_word' id='word_1_287' title='bbox 975 2512 1196 2565; x_wconf 78' lang='grc' dir='ltr'><strong><em>διαθηκῶν</em></strong></span> <span class='ocrx_word' id='word_1_288' title='bbox 1235 2508 1282 2552; x_wconf 84' lang='grc' dir='ltr'><strong><em>δὲ</em></strong></span> <span class='ocrx_word' id='word_1_289' title='bbox 1318 2507 1454 2552; x_wconf 86' lang='grc' dir='ltr'><strong><em>τεττά-</em></strong></span> <span class='ocrx_word' id='word_1_290' title='bbox 1467 2515 1512 2551; x_wconf 85' lang='grc'><strong><em>35</em></strong></span> 
     </span>
     <span class='ocr_line' id='line_1_37' title="bbox 171 2573 1512 2637; baseline -0.001 -15"><span class='ocrx_word' id='word_1_291' title='bbox 171 2596 264 2634; x_wconf 85' lang='grc' dir='ltr'><strong><em>ρων</em></strong></span> <span class='ocrx_word' id='word_1_292' title='bbox 291 2576 358 2624; x_wconf 85' lang='grc' dir='ltr'><strong><em>ὑπ’</em></strong></span> <span class='ocrx_word' id='word_1_293' title='bbox 389 2577 532 2624; x_wconf 82' lang='grc' dir='ltr'><strong><em>αὐτῶν</em></strong></span> <span class='ocrx_word' id='word_1_294' title='bbox 559 2578 970 2637; x_wconf 81' lang='grc' dir='ltr'><strong><em>ἐσκευοποιημένων·</em></strong></span> <span class='ocrx_word' id='word_1_295' title='bbox 1009 2575 1034 2622; x_wconf 89' lang='grc' dir='ltr'>ὁ</span> <span class='ocrx_word' id='word_1_296' title='bbox 1075 2576 1121 2621; x_wconf 80' lang='grc' dir='ltr'><strong><em>δὲ</em></strong></span> <span class='ocrx_word' id='word_1_297' title='bbox 1159 2573 1289 2628; x_wconf 77' lang='grc' dir='ltr'><strong><em>αὐτός</em></strong></span> <span class='ocrx_word' id='word_1_298' title='bbox 1316 2574 1456 2633; x_wconf 81' lang='grc' dir='ltr'><strong><em>ῥήτωρ</em></strong></span> <span class='ocrx_word' id='word_1_299' title='bbox 1509 2619 1512 2621; x_wconf 15' lang='grc' dir='ltr'><strong>Α</strong></span> 
     </span>
    </p>
   </div>
  </div>
 </body>
</html>
