1664 2950
264 144 320 186 86
820 137 878 182 11.
935 141 1003 184 49.

263 251 366 308 ἔχον
393 250 606 307 πρόσωπα
642 247 848 302 λεόντων,
887 249 919 306 ἦ
943 249 1018 295 καὶ
1046 251 1176 308 βοῶν.
1203 245 1381 308 α’φ”·ὦν
1406 249 1480 297 καὶ
1516 248 1568 294 ῶ-

266 318 474 377 νόμαστο.
501 318 553 363 τὸ
583 316 626 362 δ’
657 315 1011 374 άποκεφάλισμα,
1046 318 1268 377 κάθαρσιν
1294 316 1473 377 τιάρας,κ
1494 315 1570 373 ῥύ-

268 393 347 439 ψιν
375 385 592 439 ὀδόντων,
631 383 932 430 άποδόντωσιν
956 387 1116 443 ἔλεγον.
1153 384 1472 443 ἐξομμάτωσιν,
1509 386 1570 429 νί-

267 460 346 506 ψιν
374 452 581 510 ὀμμάτων
603 452 761 510 ῥύπου.
791 451 1225 511 α’ποπροσωπίζεσθαι
1249 454 1317 507 δὲ,
1346 451 1397 498 τό
1419 452 1570 497 καθαί-

268 537 361 580 ρειν
387 520 437 565 τὸ
466 521 704 578 πρόσωπον
739 518 828 567 εἶπε
871 521 1162 580 Φερεκράτης,
1213 520 1317 568 οὐδὲ
1344 520 1597 577 άποπροσ-5

269 590 500 645 ωπίζεσθαι
526 587 746 646 κυάμοις.»

208 705 263 746 49
282 761 286 763 .
743 716 766 742 *¹
783 713 888 769 Περὶ
920 712 1116 771 ὀφρύων.

385 792 448 837 Τὰ
477 793 524 839 δὲ
562 796 644 837 τοῦ
670 792 911 849 προσώπου
938 793 1049 851 μέρη
1078 792 1243 852 ὀφρύς,
1282 792 1462 852 ὀφρύες.
1498 793 1576 838 καὶ

268 858 455 916 ὀφρύων
489 864 660 918 γεῖσσα,
698 861 744 904 αἱ
781 863 1012 918 προβολαί.
1051 862 1126 907 καὶ
1153 859 1347 920 ὀφρύσιν
1376 860 1575 918 ἀπογεισ-

269 930 418 973 σῶσαί,
439 939 573 986 φησιν
602 927 627 973 ὁ
656 928 880 986 Ξενοφῶν.
937 930 1012 974 καὶ
1040 927 1228 987 ὀφρύων
1252 930 1460 987 τρίχωσις.
1502 929 1577 974 καὶ
1586 933 1631 967 10

272 993 438 1052 ὀφρύες
464 995 773 1054 ἐπαιρόμεναι,
799 997 875 1042 καὶ
902 997 1206 1054 δασυνόμεναι.
1231 997 1307 1042 καὶ
1331 996 1410 1050 τὰς
1433 994 1576 1054 ὀφρῦς

270 1064 419 1120 αἴρων,
451 1063 476 1108 ὁ
504 1063 797 1122 ὑπερήφανος,
826 1063 856 1122 ἢ
885 1062 1107 1117 ἀνασπῶν,
1135 1064 1166 1122 ἢ
1193 1065 1388 1122 αἰωρῶν,
1409 1064 1439 1123 ἢ
1458 1064 1576 1110 α’νὲλ-

269 1147 375 1182 κων,
402 1130 433 1187 ἢ
462 1131 695 1184 συνέλκων,
726 1132 756 1188 ἢ
784 1130 1019 1177 ἀνατείνων
1035 1131 1146 1187 ὑπὲρ
1174 1131 1228 1176 τά
1254 1131 1377 1190 νέφη.
1404 1132 1577 1185 καὶτὰς
1659 1139 1664 1143 ”

269 1196 415 1255 ὀφρῦς
443 1198 489 1243 δὲ
519 1197 735 1256 συνάγων,
764 1199 790 1244 ὁ
820 1199 1093 1256 φροντιστής.
1122 1199 1378 1257 μεσόφρυον
1404 1201 1464 1252 δὲ,
1487 1205 1577 1246 τῶν

271 1265 457 1323 ὀφρύων
483 1266 534 1312 τὰ
564 1266 700 1323 μέσον
709 1300 721 1320 ,
764 1266 791 1312 ὃ
818 1268 891 1312 καὶ
918 1267 1136 1325 μετώπιον
1164 1266 1399 1326 ὠνόμαζον.
1427 1268 1576 1325 ἔλεγον
1589 1272 1632 1308 15

275 1335 322 1380 δὲ
358 1335 431 1378 καὶ
461 1333 692 1392 σύνοφρυς
734 1333 867 1391 ἀνὴρ,
906 1335 981 1379 καὶ
1007 1334 1132 1392 γυνή.
1158 1334 1258 1381 ’τόν
1298 1336 1345 1381 δὲ
1373 1340 1578 1381 τοιοῦτον

212 1402 348 1447 5οκαὶ
377 1403 598 1459 μίξοφρυν
625 1406 748 1446 καλεῖ
773 1401 798 1447 ὁ
828 1406 1061 1460 Κρατῖνος.
1090 1405 1200 1449 *καὶ
1227 1403 1312 1462 μὴν
1338 1403 1460 1461 παρὰ
1486 1410 1580 1456 τοῖς

271 1471 515 1527 τραγῳδοῖς
550 1468 601 1514 τό
641 1475 1009 1527 συνοφρυῶσθαι,
1048 1471 1117 1516 ἐπὶ
1152 1474 1242 1516 τῶν
1276 1471 1576 1528 λυπουμένων.

273 1536 395 1593 παρά
425 1538 472 1582 δὲ
500 1542 593 1589 τοῖς
621 1543 826 1594 κωμικοῖς
860 1537 910 1584 τό
946 1539 1091 1584 νεύειν
1131 1537 1364 1597 ὀφρυάζειν
1401 1541 1577 1597 εἴρηται.

274 1605 380 1662 ὅπερ
406 1605 611 1662 ’Ὄμηρος
649 1603 814 1662 ὀφρύσι
849 1605 1094 1660 νευστάζειν
1134 1607 1258 1664 λέγει.
1304 1607 1379 1652 καὶ
1405 1606 1635 1665 ὀφρύας-20

276 1674 323 1718 δὲ
354 1677 542 1719 καλοῦσι
579 1671 633 1716 τὰ
675 1672 882 1730 ἀνέχοντα
907 1678 985 1731 τῆς
1011 1678 1100 1732 γῆς.
1141 1674 1224 1732 ἤδη
1261 1674 1309 1720 δέ
1341 1689 1455 1727 τινες
1489 1678 1580 1719 τῶν

277 1743 441 1797 ἰατρῶν
480 1738 643 1792 τύλους
675 1740 907 1798 ὠνόμασαν
923 1741 1082 1794 ταύτας
1108 1740 1184 1793 τὰς
1210 1743 1367 1799 τρίχας.
1396 1745 1580 1786 καλοῦν-

275 1825 348 1853 ται
390 1810 437 1854 δὲ
474 1812 563 1853 τῶν
603 1806 787 1865 ὀφρύων
819 1809 1006 1866 κεφαλαὶ
1040 1808 1118 1864 μὲν
1161 1806 1214 1852 τὰ
1250 1808 1360 1863 πρὸς
1395 1813 1451 1868 τῇ
1489 1810 1581 1866 ῥινὶ

275 1877 410 1934 μέρη,
437 1877 550 1932 ου’ρά
572 1876 618 1922 δὲ
647 1875 701 1921 τὰ
719 1875 831 1933 πρὸς
851 1880 942 1928 τοῖς
964 1875 1227 1932 κροτάφοις.
1247 1879 1582 1934 παραφυλακτέ-

277 1961 331 1989 ον
359 1943 407 1990 δὲ
445 1945 513 1990 ὅτι
551 1945 626 1990 καὶ
660 1945 1045 1989 συναποτίκτονται
1074 1939 1202 1988 αὗται
1229 1946 1277 1988 αἱ
1302 1947 1462 2002 τρίχες,
1499 1947 1636 1992 66-25

275 2027 356 2068 περ
407 2014 480 2059 καὶ
528 2013 574 2057 αἱ
620 2013 666 2057 ἐν
714 2010 964 2069 βλεφάροις.
1026 2010 1132 2057 ὅθεν
1168 2011 1319 2069 μόνων
1354 2011 1582 2071 ἀπέχονται

277 2081 538 2138 ξυρούμενοι
592 2079 669 2131 τὰς
717 2078 849 2132 ἄλλοις
893 2081 1040 2136 τρίχας
1098 2082 1141 2125 οἱ
1193 2085 1283 2126 τῶν
1332 2083 1583 2139 Αἰγυπτίων

279 2154 419 2208 ἱερεῖς.

218 2281 271 2324 51
723 2273 863 2328 *Περὶ
892 2271 1149 2330 ὀφθαλμῶν.

395 2350 504 2396 Εἶτα
533 2353 705 2410 ἐφεξῆς,
747 2350 995 2409 ὀφθαλμοὶ,
1025 2352 1216 2409 ὄμματα,
1254 2350 1388 2405 ὄψεις.
1427 2353 1503 2397 καὶ
1530 2352 1638 2397 miso

281 2418 369 2465 άπό
397 2420 565 2464 τούτων
595 2418 806 2476 ὀνόματα.
840 2419 1134 2476 εύόφθαλμος.
1162 2419 1237 2465 καὶ
1263 2420 1584 2479 εὐοφθαλμότε-

283 2504 383 2542 ρος,
413 2486 470 2539 ὦς
498 2489 720 2544 Ξενοφῶν.
749 2486 951 2539 εὕοπτος,
982 2485 1203 2544 ὀξυωπὴς,
1231 2486 1461 2542 ὀξυωπίας,
1491 2488 1586 2542 ὀξυ-

284 2554 450 2612 δερκής.
509 2554 868 2609 ὀξυδερκέστατον
896 2555 942 2599 δὲ
965 2554 1202 2611 Ἡρόδοτος
1229 2556 1351 2612 λέγει.
1386 2555 1585 2614 ἄμβλυω-
1624 2562 1638 2586 ·“

286 2624 376 2667 πία.
416 2620 497 2678 άφ’
535 2618 587 2679 ἦς
627 2621 890 2680 άμβλυωπὸς
933 2621 1040 2679 παρ’
1076 2621 1293 2681 Εὐριπίδῃ
1304 2638 1325 2682 ⁸„
1364 2621 1459 2669 ἀλλ’
1496 2623 1586 2668 ἔστι
