1664 2950
255 100 312 143 48
800 95 866 134 VI.
892 108 895 111 ⁴
926 98 1018 141 167ss

255 205 410 263 πότης,
449 202 701 262 φιλόδικος,
751 203 983 261 φιλόθεος,
1021 206 1287 265 φιλαλήθης,
1321 206 1559 266 φιλοπράγὲ·

252 290 366 332 μων,
395 272 702 330 φιλοπόλεμος,
731 274 962 329 φιλαίτιος,
985 277 1314 332 φιλοκίνδυνος,
1342 278 1560 333 φίλεργος,

258 340 571 401 φιλαναλώτης,
601 338 931 396 φιλοτύραννος,
943 365 945 367 -
959 345 1278 400 φιλολοίδορος.
1307 343 1558 401 φιλόγελως,

172 413 252 453 167
261 403 587 468 φιλάνθρωπος,
618 408 922 466 >*φιλοκερδὴςη
948 409 1210 468 φιλόδωρος,
1241 411 1462 469 φιλόπαις,
1488 416 1560 468 φί-

254 478 469 529 λότεκνος,
496 474 798 533 φιλόστοργος,
826 475 1110 533 φιλόμουσος,
1141 477 1458 536 φιλοσώματος,
1479 484 1586 536 ιρι-,5

255 545 471 603 λόψυχος,
503 543 749 602 φιλόξενος,
781 544 1098 601 φιλόπλουτος,
1124 548 1355 603 φίλυπνος,
1385 545 1560 604 φολόλη-

254 630 383 666 πτος,
428 612 788 670 φιλοκυνηγέτης,
825 612 1141 670 φιλογεωργός.
1180 617 1449 671 φιλοχωρῶν,
1485 613 1561 658 καὶ

257 685 513 741 φιλοχωρία.
544 683 650 732 ἴσως
676 682 750 725 καὶ
779 679 1048 737 φιλόχωρος,
1079 683 1342 738 φιλοτεχνία,
1370 675 1562 738 φιλότεχ-

256 768 347 803 νος.
401 748 714 806 Ἀριστοφάνης
752 749 823 800 δὲ,
870 751 1085 806 φιλοκηδῆ
1128 747 1271 805 λόγον.
1325 748 1559 806 Ἀριστομέ-

255 835 335 876 νης
365 818 412 863 δὲ
441 817 465 862 6
502 817 714 874 κωμικὸς,
754 816 1082 873 φιλακόλουθος
1106 815 1292 873 ἄρχεται.
1321 818 1560 874 φιλοδοξία.
1573 827 1616 861 10

168 887 305 934 168ἐκ
334 885 377 930 δ’
417 883 549 942 αὐτῆς
584 884 609 929 6
641 884 882 942 φιλόδοξος.
927 884 1106 940 *ἔλεγον
1133 884 1180 928 δὲ
1209 886 1253 928 οἱ
1278 884 1453 942 ποιηταὶ
1489 884 1563 929 καὶ

254 954 582 1012 φιλόστροφον,
628 953 706 997 τὸν
752 951 1054 1009 εὐμετάβολον.
1113 953 1350 1009 Δείναρχος
1393 951 1441 997 δὲ
1487 952 1562 996 καὶ

237 1015 579 1080 φιλοπόνηρον,
608 1020 636 1077 ἢ
667 1020 724 1072 ὥς
757 1022 1009 1077 Φιλωνίδης,
1042 1019 1385 1077 φιλομόχθηρον.
1415 1020 1486 1064 ἐπὶ
1514 1019 1562 1063 δὲ

252 1094 327 1147 τῆς
363 1093 558 1145 τελευτῆς
600 1088 740 1145 ὄνομα
768 1086 792 1131 ὁ
821 1086 1053 1144 θεόφιλος,
1084 1087 1134 1132 τὸ
1163 1093 1306 1144 φιλεῖν
1335 1087 1429 1144 ἔχει.
1458 1086 1483 1131 6
1513 1087 1560 1131 δὲ

251 1155 568 1216 γυναικοφιλής
605 1156 652 1199 ἐν
679 1161 773 1206 ταῖς
801 1154 1054 1212 Πολυζήλου
1084 1160 1283 1200 Μουσῶν
1317 1160 1469 1212 γοναῖς
1505 1154 1613 1203 0615

252 1225 371 1271 πάνυ
402 1222 594 1268 άνεκτόν.
624 1221 948 1280 φιλαπόδημος,
978 1223 1310 1281 φιλοσκώμμων,
1339 1222 1561 1280 φιλεγκλὴ-
1587 1262 1592 1267 .

253 1309 370 1350 μων,
400 1293 581 1349 φίλερις.
627 1290 790 1344 ’Ἄλεξις
826 1291 872 1334 δὲ
906 1292 982 1335 καὶ
1020 1290 1271 1348 φιλεριστὴν
1299 1288 1399 1335 εἶπε.
1438 1290 1560 1348 φιλό-

252 1367 417 1417 θηρος,
461 1355 720 1416 φιλογύνης,
761 1359 1122 1416 φιλαπεχθήμων,
1165 1357 1468 1417 φιλοθεάμων,
1506 1357 1559 1403 ὃν

251 1429 328 1474 καὶ
365 1425 645 1486 φιλοθεωρόν
670 1425 836 1478 ’Ἄλεξις
876 1425 976 1472 εἶπε.
1015 1429 1351 1484 φιλοικτίρμων,
1380 1425 1558 1484 φιλόκυ,

254 1499 357 1554 βος,
389 1498 615 1553 φίλιππος,
644 1495 962 1552 φιλοφροσύνη.
988 1494 1098 1553 τάχα
1123 1495 1198 1541 καὶ
1225 1493 1458 1553 φιλόφρων
1485 1492 1614 1539 ἀπ’-20
1652 1520 1664 1533 s

255 1580 408 1621 αυτης.

166 1676 249 1720 169
724 1681 743 1701 *
752 1672 821 1719 Ἐκ
848 1678 931 1719 τοῦ
957 1692 1078 1720 κακο.

367 1763 432 1809 Τα
477 1764 624 1821 μέντοι
658 1764 706 1808 εκ
741 1781 819 1809 του
857 1781 965 1809 κακο
1006 1763 1219 1816 σύνθετα,
1266 1763 1595 1821 κακοδαίμων,

251 1837 516 1888 κακοῦργος,
547 1831 806 1888 κακολόγος,
837 1848 1101 1887 κακηγορος,
1132 1831 1466 1888 κακοπράγμων,
1497 1849 1557 1884 ως

248 1899 490 1956 ’Υπερίδης
519 1897 745 1954 κακόβιος,
780 1898 1073 1955 κακόβουλος,
1102 1898 1339 1951 κακόνους,
1378 1917 1436 1952 ως
1469 1897 1554 1944 ’Av
1564 1910 1609 1948 25
1662 1898 1664 1926 ¹

251 1984 413 2026 τιφων,
452 1965 780 2022 κακοφροσύνη.
817 1966 891 2010 καὶ
919 1966 964 2010 ἐκ
1001 1965 1164 2011 τούτου
1199 1983 1256 2011 αν
1283 1970 1348 2025 εἴη
1379 1967 1404 2012 ὁ
1431 1967 1557 2012 κακό-

254 2051 407 2092 φρων,
437 2033 511 2079 καὶ
538 2031 693 2085 κακὸς,
725 2033 798 2077 καὶ
825 2037 967 2085 κακῶς
995 2033 1212 2079 ἀπόλοιτο.

176 2166 256 2209 170
727 2143 824 2189 *Ἐκ
851 2162 931 2190 του
959 2151 1084 2191 πολυ.

364 2232 435 2279 Ἐκ
473 2234 519 2279 δὲ
554 2237 635 2278 τοῦ
671 2238 784 2278 πολυ
819 2233 921 2278 τάδε
957 2234 1168 2289 σύνθετα,
1211 2234 1551 2294 πολυπράγμων,

255 2302 518 2359 πολυλόγος,
547 2302 812 2360 πολυηκοος,
843 2302 1148 2360 πολυθεάμων,
1178 2303 1452 2361 πολύφωνος,
1479 2296 1642 2349 azo-80»

254 2369 462 2427 λυμελὴς,
481 2368 718 2426 πολύχειρ,
761 2369 1091 2425 πολύγλωσσος,
1120 2371 1440 2428 πολύγλωττος,
1475 2386 1552 2415 πο·
1606 2378 1614 2405 ¹·

255 2436 470 2495 λύφημος,
499 2437 797 2494 πολύτροπος,
825 2437 1085 2491 πολύπονος,
1112 2438 1449 2496 πολυπλάνητος,
1467 2454 1552 2486 πο

255 2505 544 2562 λυπόρευτος,
572 2505 802 2557 πολύνους.
832 2506 1188 2563 πολυπρόσωπος,
1214 2505 1551 2563 πολυχρήματος.

255 2571 547 2630 πολύχρυσος,
590 2572 866 2631 πολύῤῥους,
914 2574 1246 2632 πολτυσώματος,
1283 2576 1555 2632 πολιαῖσι-φρ,
