1664 2950
261 152 316 194 58
545 147 783 185 TIBERII
823 145 1263 186 HEMSTERHUIS

262 268 347 310 tur,
374 257 534 316 inquit,
567 257 612 315 iti
641 255 811 298 Iulium
834 255 1075 300 Pollucem
1090 288 1102 306 ,
1133 257 1260 300 cuius
1279 265 1406 300 extat
1426 258 1555 302 Ono-

261 315 514 359 masticum.
572 312 694 355 Hinc
725 311 843 354 illud
862 311 970 369 fere
1005 313 1050 354 in
1065 310 1167 370 fine
1193 314 1325 356 huius
1353 314 1528 374 dialogi
1536 333 1553 358 .-

262 370 350 415 ἀλλ’
375 371 458 427 ἤδη
486 372 577 419 τοῖς
609 366 715 417 Διὸς
741 367 815 410 καὶ
831 367 978 424 Λήδας
1002 375 1081 410 etc.
1145 369 1384 413 Palmerius
1406 379 1555 414 tamen

260 429 395 470 homo
417 424 701 474 doctissimus,
730 423 800 465 cui
816 425 967 466 Musae
986 438 1078 466 non
1097 425 1241 468 minus
1268 441 1399 491 quam
1431 427 1552 470 Mars

258 484 438 527 suerunt
464 479 701 538 propitiae,
728 494 806 522 seu
837 480 950 522 hanc
984 479 1255 524 eruditorum
1283 484 1552 539 ignoraverit

260 539 532 596 opinionem,
578 550 654 577 seu
694 535 938 592 prudenter
976 535 1334 586 dissimulaverit,
1393 553 1448 582 ex
1481 554 1549 592 eo,

261 610 391 651 quem
413 592 610 650 superius
630 591 773 643 citavi,
800 591 985 634 Luciani
1005 592 1100 634 loco
1128 600 1279 650 patere
1300 601 1427 651 putat
1454 595 1552 637 rhe-

256 652 397 692 torem
413 650 534 691 illum
557 647 808 702 largissimis
829 662 854 689 a
880 648 1074 690 Luciano
1100 649 1302 692 conviciis
1322 649 1550 706 perfusum

254 707 450 764 primum
476 702 716 755 Ποθεινὸν,
764 702 921 745 deinde
947 702 1082 746 fuisse
1113 705 1387 748 nominatum
1416 705 1550 751 Διόσ-

253 777 422 817 κουρον
455 761 527 804 vel
563 760 908 815 Διοσκουρίδην·
961 774 1012 802 ea
1050 760 1265 803 sententia
1310 763 1464 816 quanti
1491 762 1549 805 sit

251 817 485 875 ponderis,
514 816 646 873 paulo
671 823 769 872 post
800 814 1141 858 examinabitur:
1171 831 1290 859 nunc
1308 817 1417 860 illud
1436 817 1547 861 mihi

252 874 610 932 praecipiendum
627 872 817 923 videtur,
844 887 936 913 non
953 886 1090 928 usque
1109 871 1218 914 adeo
1237 872 1396 915 debere
1417 881 1543 916 vete-

251 931 313 973 ris
339 930 454 972 illius
483 927 833 970 commentatoris
872 927 1172 970 auctoritatem
1206 928 1324 985 apud
1362 945 1442 972 nos
1468 944 1546 972 va-

251 987 359 1038 lere,
384 995 433 1027 ut
448 983 648 1040 quamvis
667 983 840 1026 alterius
862 983 1081 1037 opinionis
1101 984 1400 1040 cogitationem
1421 1001 1544 1028 men-

251 1051 296 1084 te
319 1049 466 1084 nostra
493 1040 704 1091 excutiat,
733 1039 1036 1082 nisi-rationes
1060 1041 1314 1082 accesserint
1340 1041 1546 1084 firmissi-

251 1113 375 1141 mae:
403 1097 476 1140 hic
501 1096 629 1138 etiam
650 1095 872 1138 observari
892 1096 1047 1147 velim,
1075 1096 1220 1154 ipsum
1242 1096 1369 1139 illum
1394 1097 1546 1139 homi-

252 1169 357 1197 nem
394 1153 538 1208 primo
578 1151 799 1210 scripsisse
838 1150 1088 1193 dubitanter
1114 1151 1187 1195 καὶ
1210 1153 1313 1203 ἴσως
1345 1151 1426 1197 οὐκ
1454 1151 1540 1197 dna

253 1212 422 1254 σκοποῦ
443 1217 523 1250 etc.
544 1222 805 1263 quamquam
830 1215 979 1264 postea
999 1207 1177 1249 calidius
1195 1208 1407 1263 quaedam
1427 1209 1544 1252 effu-

250 1267 401 1310 tiverit
419 1265 469 1307 ad
492 1264 587 1316 ista,
609 1278 720 1319 quae
741 1279 819 1305 nos
837 1263 1135 1305 cummaxime
1153 1264 1376 1307 nobiscum
1394 1265 1542 1307 facere

249 1331 479 1380 putamus:
520 1334 574 1361 ex
599 1320 683 1361 hoc
713 1327 860 1361 tamen
890 1319 982 1376 ipso
1009 1320 1104 1363 loco
1134 1319 1183 1361 in
1210 1335 1302 1362 eam
1334 1321 1541 1364 incidisse

250 1378 551 1434 cogitationem
576 1377 797 1428 videntur,
827 1376 901 1431 qui
921 1375 1052 1433 primi
1071 1375 1286 1432 opinionis
1311 1376 1426 1419 illius
1455 1392 1540 1420 ex-

248 1435 437 1476 titerunt
456 1439 666 1474 auctores.
722 1432 952 1474 Praeterea
976 1431 1156 1473 Luciani
1184 1431 1450 1480 scholiastes.
1489 1433 1538 1475 id

250 1490 368 1545 quod
390 1489 539 1538 efficit,
572 1495 619 1529 ut
635 1487 683 1528 in
704 1487 854 1529 ceteris
873 1487 978 1529 fides
998 1487 1089 1529 eius
1113 1488 1318 1530 deteriori
1342 1488 1397 1530 sit
1425 1490 1538 1541 loco,

247 1547 410 1589 falsum
447 1551 490 1586 et
516 1543 716 1600 ineptum
748 1543 914 1586 Polluci
941 1543 1145 1599 impingit
1180 1543 1373 1598 crimen,
1420 1546 1539 1601 quod

247 1603 414 1644 nullam
434 1600 611 1642 omnino
631 1607 768 1641 artem
788 1606 864 1641 aut
881 1612 977 1641 rem
1006 1599 1182 1655 dignum
1206 1599 1420 1642 memoria
1445 1609 1539 1644 tra-

248 1658 432 1700 diderit:
470 1663 622 1697 contra
658 1669 786 1710 quem
818 1662 913 1696 tum
941 1655 1249 1697 Philostratum
1281 1663 1376 1698 tum
1402 1656 1536 1700 etiam

246 1713 429 1757 Suidam
445 1719 571 1752 testes
595 1709 724 1752 citare
744 1710 855 1752 mihi
875 1725 998 1764 posse
1014 1710 1180 1763 videor,
1209 1710 1284 1773 qui
1303 1725 1534 1768 procacem

245 1767 438 1811 hominis
458 1766 573 1808 illius
596 1765 890 1807 calumniandi
908 1765 1153 1807 libertatem
1171 1780 1258 1808 suis
1275 1766 1535 1810 testimoniis

246 1829 548 1880 compescant:
589 1821 726 1862 edidit
752 1820 867 1862 enim
897 1820 944 1862 in
971 1821 1113 1862 lucem
1133 1836 1224 1863 non
1240 1836 1379 1878 pauca
1399 1830 1441 1864 et
1463 1823 1537 1866 di-

243 1880 356 1923 versi
379 1877 544 1935 generis
575 1884 724 1918 noster
751 1877 929 1929 Pollux,
959 1891 1070 1932 quae
1098 1891 1199 1919 cum
1229 1877 1324 1919 aliis
1345 1878 1532 1935 ¹optimis

243 1935 524 1991 antiquorum
557 1931 850 1974 monumentis
886 1933 1123 1988 longinqua
1155 1932 1314 1975 delevit
1344 1945 1460 1976 aetas
1489 1941 1535 1978 et

244 1992 399 2034 eadem
428 1989 641 2046 oppressit
665 1988 806 2030 ruina.
861 1988 953 2030 Iam
981 2004 1114 2045 porro
1143 1988 1380 2039 videamus,
1410 2005 1466 2033 an
1482 1990 1532 2033 in

242 2047 466 2092 Pollucem
493 2043 774 2091 conveniant,
805 2058 916 2099 quae
945 2044 1029 2086 isto
1047 2043 1227 2086 Luciani
1246 2045 1412 2103 dialogo
1433 2060 1534 2088 me-

243 2110 502 2147 morantur:
538 2100 587 2142 in
620 2113 750 2154 quam
783 2114 876 2142 rem
906 2115 1006 2142 cum
1036 2100 1227 2156 plurima
1255 2103 1423 2157 possint
1450 2102 1535 2144 ad-

243 2158 377 2208 ferri,
407 2171 544 2214 pauca
571 2155 872 2198 tantummodo
898 2170 1031 2212 eaque
1055 2156 1216 2198 iudicio
1233 2160 1386 2200 'nostro
1402 2172 1533 2215 psae-

243 2214 373 2270 cipua
391 2226 693 2268 excerpemus,
725 2212 776 2252 ad
808 2225 919 2267 quae
941 2219 991 2253 ut
1009 2212 1204 2254 animum
1227 2221 1430 2256 accurate
1448 2214 1532 2255 ad-⁴

242 2277 407 2321 vertat,
435 2269 640 2311 lectorem
675 2267 803 2308 etiam
825 2275 956 2323 atque
980 2268 1109 2309 etiam
1127 2283 1248 2324 rogo.
1300 2267 1429 2326 Ὁρᾷς
1443 2269 1531 2325 γὰρ

243 2325 317 2382 ἐμὲ
346 2323 394 2375 ὃς
422 2321 581 2379 πατρὸς
607 2322 683 2377 μὲν
707 2321 904 2378 ἀφανοῦς
928 2323 1002 2367 καὶ
1029 2321 1130 2367 οὐδὲ
1146 2327 1350 2379 καθαροῖς
1366 2324 1531 2368 ἐλευθέ-

244 2393 330 2436 ρου
356 2379 560 2450 ἐγενόμην
599 2377 708 2433 ὑπὲρ
741 2377 847 2427 ,Ξόϊν
880 2380 953 2422 καὶ
991 2382 1158 2435 Θμουῖν
1185 2380 1532 2432 δεδουλευκότος,

242 2435 403 2501 μητρὸς
429 2436 474 2479 δὲ
504 2435 727 2489 axso-colae
757 2433 818 2477 ἐπ’
848 2433 1067 2491 ἀμφοδίου
1100 2435 1229 2487 τινός.
1271 2436 1412 2490 Haec,
1456 2451 1531 2478 me

241 2493 399 2543 mdiee,
426 2491 684 2535 Benedictus
703 2489 794 2547 non
814 2492 933 2532 male'
950 2498 1163 2544 verterat,
1193 2490 1271 2534 etsi
1291 2507 1381 2535 non
1395 2492 1529 2549 igno-

242 2564 336 2592 rem
358 2547 482 2590 aliter
497 2545 653 2588 sentire
669 2546 783 2588 viros
807 2547 1218 2599 praestantissimos:
1247 2555 1299 2591 ut
1321 2549 1437 2591 enim
1453 2549 1529 2590 in-

244 2604 410 2663 telligas
440 2602 548 2646 illud
573 2599 635 2646 ἐπ’
660 2601 881 2659 ἀμφοδίου
909 2601 1046 2656 τινὸς,
1101 2618 1189 2661 qua
1219 2617 1330 2648 voce
1361 2603 1526 2648 bivium
