1664 2950
290 38 368 113 188
822 70 890 107 lx.
951 72 1042 115 105.

287 168 428 235 μένης,
451 178 529 221 καὶ
559 176 813 233 ἀντιβαλεῖν,
842 178 922 231 ἕως
950 179 1004 223 ἂν
1032 182 1075 224 οἱ
1102 180 1238 237 ἕτεροι
1264 182 1367 235 τούς
1386 178 1571 239 ἑτέρους

199 252 277 294 105
288 247 355 289 ἐπὶ
383 245 460 302 τήν
488 245 667 288 κατόπιν
690 245 893 302 γραμμήν
923 244 1191 294 ἀπώσωνται.
1226 249 1310 292 *Ἡ
1332 251 1377 295 δὲ
1406 253 1570 334 φαινίν-

284 315 340 356 δα
376 314 537 369 εἴρηται
571 311 599 369 ἢ
635 310 720 356 ἀπὸ
766 315 978 358 Φαινίδου
1012 319 1092 359 τοῦ
1137 315 1316 372 πρώτως
1351 317 1584 375 εὑρόντος,

281 379 312 436 ⁹⁰⁰,
341 378 423 424 ἀπὸ
452 384 533 424 τοῦ
561 381 812 436 φενακίζειν,
842 379 908 424 ὅτι
944 380 1073 440 ἑτέρῳ
1101 386 1410 439 προδείξαντες,
1440 385 1568 444 ἑτέρῳ

284 449 524 503 ῥίπτουσιν,
553 448 836 500 ἐξαπατῶντες
861 440 939 491 τὸν
966 442 1186 505 οἰόμενον·
1218 451 1423 507 εἰκάζοιτο
1442 452 1485 497 δ’
1508 453 1592 498 αν5

284 513 349 559 εἶν
341 532 395 558 αι
421 514 449 572 ἡ
477 514 548 559 διά
575 518 656 558 τοῦ
683 519 843 571 μικροῦ
871 517 1145 572 σφαιρίου,“
1127 517 1154 562 ο“
1182 519 1229 564 ἐκ
1257 525 1338 565 τοῦ
1365 520 1569 576 ἁρπάζειν

283 581 550 639 ὠνόμασται·
599 583 705 664 τάχα
742 582 787 626 δὲ
825 584 899 627 καὶ
933 582 1034 641 τήν
1047 584 1094 629 ἐκ
1129 589 1202 642 τῆς
1229 592 1420 645 μαλακῆς
1447 593 1568 646 σφαί-

285 666 364 704 ρας
391 649 568 694 παιδιὰν
597 650 711 694 οὕτω
748 666 813 702 τις
836 654 998 732 καλοίη.
1043 651 1108 695 ‘H
1130 648 1178 697 δὲ
1205 651 1454 711 ἀπόρῤαξις.
1485 657 1567 700 ἔδει

283 717 362 774 τὴν
391 722 583 775 σφαῖραν
613 716 797 770 εὐτόνως
826 717 937 774 πρὸς
961 717 1011 763 τὸ
1041 720 1202 777 ἔδαφος
1234 721 1432 778 ρηξαντα,
1461 723 1566 768 ’ὑπο-

284 784 514 842 δεξάμενον
535 784 582 830 τὸ
613 784 788 841 πήδημα
810 789 885 842 τῆς
912 787 1112 843 σφαίρας,
1140 792 1194 845 τῇ
1212 789 1320 851 χειρὶ
1343 789 1475 834 πάλιν
1500 791 1568 836 ἀν-
1579 801 1621 834 10

224 859 227 862 ’
282 854 507 909 τιπέμψαι,
546 852 620 896 καὶ
655 852 704 896 τό
739 856 907 909 πλῆθος
936 857 1024 896 τῶν
1048 848 1308 911 πηδημάτων
1333 850 1567 914 ἠριθμεῖτο.

200 920 376 967 106*‘H
412 921 458 964 δὲ
483 919 693 975 οὐρανία,
726 919 751 964 6
774 920 850 976 μὲν
880 918 1124 973 ἀνακλάσας
1155 920 1287 967 αὖτὸν
1323 922 1569 987 ἀπερῤίπτει

280 1004 360 1044 την
385 992 577 1044 σφαῖραν
604 988 665 1039 εἰς
694 986 771 1031 τὸν
800 986 1012 1043 οὐρανόν·
1055 993 1144 1040 τοῖς
1170 988 1214 1034 δ’
1239 984 1295 1046 ἦν
1318 984 1579 1049 ἆλλομένοις

282 1057 520 1112 φιλοτιμία,
553 1054 658 1110 πρὶν
688 1056 747 1106 εἰς
772 1059 854 1111 γῆν
886 1054 1025 1112 αὐτὴν
1049 1061 1205 1110 πεσεῖν,
1235 1056 1434 1122 ἁρπάσαι,
1462 1059 1567 1115 ὅπερ

281 1121 455 1167 ἔ“οικεν
459 1126 631 1178 Ομηρος
659 1122 706 1167 ἐν
739 1124 920 1175 Φαίαξιν
946 1122 1220 1180 ὑποδηλοῦν·
1267 1124 1395 1170 ὁπότε
1422 1125 1568 1182 μέντοι
1579 1136 1620 1170 15

280 1190 391 1246 πρὸς
414 1189 491 1234 τὸν
507 1194 652 1245 τοῖχον
675 1188 755 1245 τὴν
771 1195 963 1245 σφαῖραν
983 1188 1295 1247 ἀντιπέμποιεν,
1329 1191 1378 1236 τὸ
1395 1198 1568 1250 πλῆθος

273 1262 362 1302 τῶν
391 1256 653 1314 πηδημάτων
683 1259 983 1312 διελογίζοντο·
1037 1259 1110 1302 καὶ
1141 1258 1166 1303 6
1200 1258 1278 1316 μὲν
1313 1258 1567 1317 ἦττόμενος,

284 1325 388 1376 ὄνος
410 1325 612 1376 ἐκαλεῖτο,
638 1323 712 1368 καὶ
726 1327 814 1367 πᾶν
831 1324 963 1368 ἐποίει
981 1323 1029 1368 vd
1047 1325 1339 1381 προσταχθέν·
1379 1326 1404 1371 6
1435 1328 1482 1373 δὲ
1508 1345 1568 1372 νι-
1603 1383 1606 1387 ⁴

197 1402 275 1442 107
284 1397 376 1438 κῶν
409 1390 610 1449 βασιλεύς
636 1407 681 1435 τε
713 1385 769 1448 ἦν
803 1391 875 1435 καὶ
908 1390 1148 1436 ἐπέταττεν·
1191 1393 1366 1445 *εἴποις
1395 1394 1453 1438 ἂν
1485 1390 1567 1439 οὖν

281 1461 382 1512 τοὺς
408 1462 732 1517 σφαιρίζοντας,
764 1461 927 1541 σφαίρῃ
957 1461 1141 1527 παίζειν,
1170 1465 1362 1517 σφαῖραν
1389 1462 1566 1516 ῥίπτειν,
1577 1471 1622 1505 20

283 1528 478 1586 βάλλειν,
530 1526 723 1583 ἀφιέναι,
757 1526 960 1582 πέμπειν,
997 1524 1286 1583 προπέμπειν,
1327 1527 1566 1586 ἐκπέμπειν,

283 1595 582 1651 ἀντιπέμπειν,
623 1593 899 1650 ἀνταφιέναι,
941 1591 1275 1651 ἀνταποφέρειν,
1330 1593 1567 1653 σφαιριστι-

281 1662 364 1708 κὸν
397 1660 530 1714 εἶναι,
562 1661 809 1718 εὔρυθμον,
849 1659 1107 1718 εὐσχήμονα,
1135 1662 1376 1716 εὔσκοπον,
1403 1664 1567 1733 ἐπίσκο-

281 1746 393 1782 πον,
425 1729 623 1773 εὔτονον·
673 1730 802 1781 ἔξεστι
821 1729 867 1773 δὲ
892 1729 963 1772 καὶ
980 1730 1299 1786 σφαιρομαχίαν
1316 1728 1460 1784 εἰπεῖν,
1484 1727 1568 1789 τήν

282 1798 518 1852 ἐπίσκυρον
552 1799 627 1852 τῆς
663 1798 851 1852 σφαίρας
889 1794 1079 1839 παιδιάν.
1132 1796 1220 1839 Καὶ
1245 1796 1390 1852 μέντοι
1415 1798 1488 1841 καὶ
1515 1797 1618 1842 τ625

282 1864 593 1920 όρτυγοκοπεῖν
635 1861 809 1915 παιδιά,
846 1863 919 1905 καὶ
953 1861 1002 1905 τὸ
1047 1866 1223 1918 πρᾶγμα
1264 1861 1566 1918 ὄρτυγοκοπία,
1602 1898 1604 1900 ψ

283 1931 357 1975 καὶ
394 1932 438 1973 οἱ
471 1931 689 1983 παίζοντες
722 1927 1023 1984 ὁρτυγοκόποι,
1051 1930 1124 1972 καὶ
1150 1928 1448 1986 στυφοκόμποι
1474 1927 1566 1974 ἐκα-

186 1997 461 2045 .108λοῦντο·
498 1996 601 2039 *καὶ
629 1995 678 2039 τὸ
707 1994 880 2039 κόπτειν
918 1995 1021 2047 τούς
1058 1994 1258 2052 ὄρτυγας,
1284 1995 1358 2040 καὶ
1384 1995 1566 2042 ἀνακλα-

223 2062 227 2066 ’
250 2065 253 2070 ’
281 2064 466 2116 δάλλειν,
493 2064 565 2108 καὶ
593 2061 869 2118 ἀνερεθίζειν,
898 2060 1146 2119 ἀνεγείρειν,
1173 2063 1451 2118 παροξύνειν·
1492 2066 1567 2110 καὶ

281 2135 416 2176 ταῦτα
455 2131 501 2174 ἐκ
537 2133 624 2174 τῶν
658 2128 1011 2184 ὀρτυγοκοπικεόν
1051 2127 1292 2186 ὀνομάτων·
1341 2131 1414 2174 καὶ
1443 2134 1620 2189 τηλίᾳδο
1660 2157 1664 2165 ·

284 2199 361 2256 μὲν
407 2196 536 2255 ὁμοίᾳ
578 2200 632 2254 τῇ
669 2194 926 2252 ἀρτοπώλιδι
958 2195 1120 2241 κύκλον
1164 2195 1562 2253 ε’μπεριγράψαντες,

284 2267 512 2311 ἑνίστασαν
546 2264 646 2315 τούς
683 2262 867 2320 ὄρτυγας
905 2264 973 2308 ἐπὶ
1009 2268 1101 2315 ταῖς
1139 2262 1291 2320 μάχαις
1327 2268 1420 2316 ταῖς
1453 2265 1565 2321 πρὸς

284 2332 514 2390 ἀλλήλους·
554 2330 579 2376 6
608 2331 654 2375 δὲ
682 2329 937 2387 ἀνατραπεὶς
963 2331 1036 2375 καὶ
1062 2330 1251 2374 ἐκπεσών
1277 2334 1358 2375 τοῦ
1383 2330 1561 2382 κύκλου,

283 2399 436 2457 ἡττᾶτο
473 2398 598 2450 αὐτός
636 2414 680 2442 τε
723 2398 795 2442 καὶ
835 2397 861 2442 6
895 2401 974 2442 τοῦ
1009 2396 1191 2454 ὄρτυγος
1231 2397 1452 2456 δεσπότης·
1492 2400 1566 2444 καὶ

285 2467 388 2510 ποτὲ
427 2466 506 2522 μὲν
542 2464 602 2510 ἐπ’
642 2465 787 2516 αὐτοῖς
823 2467 1050 2509 διετίθεντο
1088 2469 1176 2516 τοῖς
1200 2464 1358 2520 ὄρτυξι,
1386 2466 1488 2510 ποτὲ
1517 2465 1637 2510 6:53⁵-

203 2534 363 2585 109ua2
390 2533 449 2579 ἐπ’
479 2532 687 2590 ἀργυρίῳ·
725 2531 844 2577 *ἔσθ’
881 2531 950 2577 ὅτε
987 2532 1032 2576 δὲ
1061 2530 1086 2577 ὁ
1117 2531 1195 2587 μὲν
1223 2533 1315 2589 ἵστη
1340 2531 1418 2578 τὸν
1444 2532 1564 2590 ὄρτυ-
1631 2569 1636 2571 -
