<?xml version="1.0" encoding="UTF-8"?>
<!DOCTYPE html PUBLIC "-//W3C//DTD XHTML 1.0 Transitional//EN"
    "http://www.w3.org/TR/xhtml1/DTD/xhtml1-transitional.dtd">
<html xmlns="http://www.w3.org/1999/xhtml" xml:lang="en" lang="en">
 <head>
  <title>
</title>
<meta http-equiv="Content-Type" content="text/html;charset=utf-8" />
  <meta name='ocr-system' content='tesseract 3.04.00' />
  <meta name='ocr-capabilities' content='ocr_page ocr_carea ocr_par ocr_line ocrx_word'/>
</head>
<body>
  <div class='ocr_page' id='page_1' title='image "./onomasticon01polluoft/onomasticon01polluoft_0084.png"; bbox 0 0 1664 2950; ppageno 0'>
   <div class='ocr_carea' id='block_1_1' title="bbox 291 103 1296 183">
    <p class='ocr_par' dir='ltr' id='par_1_1' title="bbox 291 103 1296 183">
     <span class='ocr_line' id='line_1_1' title="bbox 291 103 1296 183; baseline -0.004 -12"><span class='ocrx_word' id='word_1_1' title='bbox 291 132 344 183; x_wconf 77' lang='lat'><strong>78</strong></span> <span class='ocrx_word' id='word_1_2' title='bbox 580 103 1296 167; x_wconf 60' lang='lat' dir='ltr'><strong>&#39;rIBEerul-:Ms&#39;rssnnms</strong></span> 
     </span>
    </p>
   </div>
   <div class='ocr_carea' id='block_1_2' title="bbox 233 234 1596 2643">
    <p class='ocr_par' dir='ltr' id='par_1_2' title="bbox 290 234 1596 2584">
     <span class='ocr_line' id='line_1_2' title="bbox 331 234 1589 296; baseline 0.004 -18"><span class='ocrx_word' id='word_1_3' title='bbox 331 287 333 289; x_wconf 17' lang='grc' dir='ltr'><strong><em>ι</em></strong></span> <span class='ocrx_word' id='word_1_4' title='bbox 364 238 369 242; x_wconf 80' lang='grc'><strong>’</strong></span> <span class='ocrx_word' id='word_1_5' title='bbox 401 234 583 291; x_wconf 75' lang='lat' dir='ltr'><strong>Silenti‘o</strong></span> <span class='ocrx_word' id='word_1_6' title='bbox 610 236 854 294; x_wconf 79' lang='lat' dir='ltr'><strong>praeterire</strong></span> <span class='ocrx_word' id='word_1_7' title='bbox 887 236 1251 293; x_wconf 71' lang='lat' dir='ltr'><strong>Faickenburgii,</strong></span> <span class='ocrx_word' id='word_1_8' title='bbox 1289 245 1419 296; x_wconf 82' lang='lat' dir='ltr'><strong>q&#39;uem</strong></span> <span class='ocrx_word' id='word_1_9' title='bbox 1441 246 1589 283; x_wconf 61' lang='lat' dir='ltr'><strong>Voca-</strong></span> 
     </span>
     <span class='ocr_line' id='line_1_3' title="bbox 291 293 1589 354; baseline 0.002 -18"><span class='ocrx_word' id='word_1_10' title='bbox 291 311 408 347; x_wconf 89' lang='lat' dir='ltr'><strong>mus,</strong></span> <span class='ocrx_word' id='word_1_11' title='bbox 436 294 631 336; x_wconf 82' lang='lat' dir='ltr'>codicem</span> <span class='ocrx_word' id='word_1_12' title='bbox 657 307 735 333; x_wconf 91' lang='lat' dir='ltr'><strong>seu</strong></span> <span class='ocrx_word' id='word_1_13' title='bbox 763 300 967 349; x_wconf 83' lang='lat' dir='ltr'><strong>excerpta</strong></span> <span class='ocrx_word' id='word_1_14' title='bbox 985 293 1051 335; x_wconf 86' lang='lat' dir='ltr'><strong>fas</strong></span> <span class='ocrx_word' id='word_1_15' title='bbox 1071 310 1158 338; x_wconf 77' lang='lat' dir='ltr'><strong>uon</strong></span> <span class='ocrx_word' id='word_1_16' title='bbox 1180 295 1254 341; x_wconf 79' lang='lat' dir='ltr'><strong>est&#39;,</strong></span> <span class='ocrx_word' id='word_1_17' title='bbox 1285 310 1383 338; x_wconf 90' lang='lat' dir='ltr'><strong>cum</strong></span> <span class='ocrx_word' id='word_1_18' title='bbox 1406 298 1589 354; x_wconf 64' lang='lat' dir='ltr'><strong>propter</strong></span> 
     </span>
     <span class='ocr_line' id='line_1_4' title="bbox 291 347 1589 408; baseline 0.003 -16"><span class='ocrx_word' id='word_1_19' title='bbox 291 350 502 405; x_wconf 78' lang='lat' dir='ltr'>eximiam</span> <span class='ocrx_word' id='word_1_20' title='bbox 546 362 701 389; x_wconf 87' lang='lat' dir='ltr'><strong>eorum</strong></span> <span class='ocrx_word' id='word_1_21' title='bbox 743 347 1000 399; x_wconf 79' lang='lat' dir='ltr'>bonitatem,</span> <span class='ocrx_word' id='word_1_22' title='bbox 1041 358 1134 392; x_wconf 82' lang='lat' dir='ltr'><strong>tuin</strong></span> <span class='ocrx_word' id='word_1_23' title='bbox 1167 361 1347 408; x_wconf 73' lang='lat' dir='ltr'><strong>pmpter</strong></span> <span class='ocrx_word' id='word_1_24' title='bbox 1376 358 1589 408; x_wconf 74' lang='lat' dir='ltr'><strong>ea‚&#39;quae⁴</strong></span> 
     </span>
     <span class='ocr_line' id='line_1_5' title="bbox 290 403 1589 464; baseline 0.001 -15"><span class='ocrx_word' id='word_1_25' title='bbox 290 407 463 464; x_wconf 83' lang='lat' dir='ltr'><strong>saepius</strong></span> <span class='ocrx_word' id='word_1_26' title='bbox 491 404 536 445; x_wconf 91' lang='lat' dir='ltr'><strong>in</strong></span> <span class='ocrx_word' id='word_1_27' title='bbox 566 403 681 446; x_wconf 88' lang='lat' dir='ltr'><strong>notis</strong></span> <span class='ocrx_word' id='word_1_28' title='bbox 710 403 763 445; x_wconf 87' lang='lat' dir='ltr'><strong>de</strong></span> <span class='ocrx_word' id='word_1_29' title='bbox 791 404 886 446; x_wconf 87' lang='lat' dir='ltr'><strong>istis</strong></span> <span class='ocrx_word' id='word_1_30' title='bbox 917 407 1138 463; x_wconf 78' lang='lat' dir='ltr'><strong>excerptis</strong></span> <span class='ocrx_word' id='word_1_31' title='bbox 1173 408 1452 464; x_wconf 79' lang='lat' dir='ltr'><strong>praedicavi:</strong></span> <span class='ocrx_word' id='word_1_32' title='bbox 1479 409 1589 451; x_wconf 73' lang='lat' dir='ltr'><strong>haec</strong></span> 
     </span>
     <span class='ocr_line' id='line_1_6' title="bbox 291 461 1590 521; baseline 0.002 -16"><span class='ocrx_word' id='word_1_33' title='bbox 291 474 438 506; x_wconf 74' lang='lat' dir='ltr'><strong>autem</strong></span> <span class='ocrx_word' id='word_1_34' title='bbox 469 461 531 502; x_wconf 84' lang='lat' dir='ltr'><strong>ita</strong></span> <span class='ocrx_word' id='word_1_35' title='bbox 559 468 663 502; x_wconf 87' lang='lat' dir='ltr'><strong>sunt</strong></span> <span class='ocrx_word' id='word_1_36' title='bbox 689 468 953 518; x_wconf 83' lang='lat' dir='ltr'><strong>comparata,</strong></span> <span class='ocrx_word' id='word_1_37' title='bbox 986 468 1034 502; x_wconf 92' lang='lat' dir='ltr'><strong>ut</strong></span> <span class='ocrx_word' id='word_1_38' title='bbox 1062 463 1153 503; x_wconf 84' lang='lat' dir='ltr'><strong>sola</strong></span> <span class='ocrx_word' id='word_1_39' title='bbox 1181 463 1272 505; x_wconf 84' lang='lat' dir='ltr'><strong>sint</strong></span> <span class='ocrx_word' id='word_1_40' title='bbox 1299 465 1461 506; x_wconf 84' lang='lat' dir='ltr'><strong>indicio</strong></span> <span class='ocrx_word' id='word_1_41' title='bbox 1492 466 1590 521; x_wconf 81' lang='lat' dir='ltr'><strong>plu-</strong></span> 
     </span>
     <span class='ocr_line' id='line_1_7' title="bbox 291 515 1589 572; baseline 0 -10"><span class='ocrx_word' id='word_1_42' title='bbox 291 521 406 562; x_wconf 83' lang='lat' dir='ltr'><strong>rima</strong></span> <span class='ocrx_word' id='word_1_43' title='bbox 437 515 602 559; x_wconf 87' lang='lat' dir='ltr'><strong>Polluci</strong></span> <span class='ocrx_word' id='word_1_44' title='bbox 634 516 801 568; x_wconf 81' lang='lat' dir='ltr'><strong>deesse,</strong></span> <span class='ocrx_word' id='word_1_45' title='bbox 831 523 875 557; x_wconf 81' lang='lat' dir='ltr'><strong>et</strong></span> <span class='ocrx_word' id='word_1_46' title='bbox 900 516 1094 572; x_wconf 85' lang='lat' dir='ltr'><strong>integros</strong></span> <span class='ocrx_word' id='word_1_47' title='bbox 1123 526 1320 561; x_wconf 78' lang='lat' dir='ltr'><strong>veterum</strong></span> <span class='ocrx_word' id='word_1_48' title='bbox 1353 527 1589 563; x_wconf 83' lang='lat' dir='ltr'><strong>auctorum</strong></span> 
     </span>
     <span class='ocr_line' id='line_1_8' title="bbox 292 571 1588 633; baseline -0.002 -15"><span class='ocrx_word' id='word_1_49' title='bbox 292 578 409 618; x_wconf 84' lang='lat' dir='ltr'><strong>locos</strong></span> <span class='ocrx_word' id='word_1_50' title='bbox 446 571 708 623; x_wconf 81' lang='lat' dir='ltr'><strong>desiderari,</strong></span> <span class='ocrx_word' id='word_1_51' title='bbox 753 586 864 626; x_wconf 91' lang='lat' dir='ltr'><strong>quos</strong></span> <span class='ocrx_word' id='word_1_52' title='bbox 903 572 1112 615; x_wconf 82' lang='lat' dir='ltr'><strong>scelerata</strong></span> <span class='ocrx_word' id='word_1_53' title='bbox 1146 581 1337 617; x_wconf 82' lang='lat' dir='ltr'><strong>vetustas</strong></span> <span class='ocrx_word' id='word_1_54' title='bbox 1373 575 1588 633; x_wconf 77' lang='lat' dir='ltr'><strong>deripuit:</strong></span> 
     </span>
     <span class='ocr_line' id='line_1_9' title="bbox 292 627 1592 688; baseline 0 -14"><span class='ocrx_word' id='word_1_55' title='bbox 292 632 339 674; x_wconf 86' lang='lat' dir='ltr'><strong>in</strong></span> <span class='ocrx_word' id='word_1_56' title='bbox 370 627 436 672; x_wconf 84' lang='lat' dir='ltr'><strong>his</strong></span> <span class='ocrx_word' id='word_1_57' title='bbox 466 637 582 670; x_wconf 82' lang='lat' dir='ltr'><strong>certe</strong></span> <span class='ocrx_word' id='word_1_58' title='bbox 609 642 698 670; x_wconf 89' lang='lat' dir='ltr'><strong>non</strong></span> <span class='ocrx_word' id='word_1_59' title='bbox 727 643 866 685; x_wconf 88' lang='lat' dir='ltr'><strong>pauca</strong></span> <span class='ocrx_word' id='word_1_60' title='bbox 894 636 1104 685; x_wconf 87' lang='lat' dir='ltr'><strong>prostant,</strong></span> <span class='ocrx_word' id='word_1_61' title='bbox 1139 644 1266 683; x_wconf 78' lang='lat' dir='ltr'><strong>quae,</strong></span> <span class='ocrx_word' id='word_1_62' title='bbox 1294 630 1374 673; x_wconf 81' lang='lat' dir='ltr'><strong>etsi</strong></span> <span class='ocrx_word' id='word_1_63' title='bbox 1399 633 1592 688; x_wconf 79' lang='lat' dir='ltr'><strong>genuine</strong></span> 
     </span>
     <span class='ocr_line' id='line_1_10' title="bbox 292 683 1591 742; baseline 0 -12"><span class='ocrx_word' id='word_1_64' title='bbox 292 688 494 731; x_wconf 88' lang='lat' dir='ltr'><strong>Pollucea</strong></span> <span class='ocrx_word' id='word_1_65' title='bbox 529 683 784 727; x_wconf 78' lang='lat' dir='ltr'><strong>certissimis</strong></span> <span class='ocrx_word' id='word_1_66' title='bbox 818 685 1087 739; x_wconf 80' lang='lat' dir='ltr'><strong>argumentis</strong></span> <span class='ocrx_word' id='word_1_67' title='bbox 1125 685 1182 727; x_wconf 87' lang='lat' dir='ltr'><strong>sit</strong></span> <span class='ocrx_word' id='word_1_68' title='bbox 1210 687 1512 742; x_wconf 76' lang='lat' dir='ltr'><strong>exploratum,</strong></span> <span class='ocrx_word' id='word_1_69' title='bbox 1541 688 1591 729; x_wconf 87' lang='lat' dir='ltr'><strong>in</strong></span> 
     </span>
     <span class='ocr_line' id='line_1_11' title="bbox 292 739 1593 786; baseline -0.002 0"><span class='ocrx_word' id='word_1_70' title='bbox 292 743 414 786; x_wconf 80' lang='lat' dir='ltr'><strong>nullo</strong></span> <span class='ocrx_word' id='word_1_71' title='bbox 452 749 599 783; x_wconf 78' lang='lat' dir='ltr'><strong>tamen</strong></span> <span class='ocrx_word' id='word_1_72' title='bbox 626 739 815 782; x_wconf 84' lang='lat' dir='ltr'><strong>aliorum</strong></span> <span class='ocrx_word' id='word_1_73' title='bbox 844 741 1045 782; x_wconf 82' lang='lat' dir='ltr'><strong>codicum</strong></span> <span class='ocrx_word' id='word_1_74' title='bbox 1085 740 1408 784; x_wconf 62' lang='lat' dir='ltr'><strong>inveniantur:v</strong></span> <span class='ocrx_word' id='word_1_75' title='bbox 1437 759 1462 786; x_wconf 82' lang='lat' dir='ltr'><strong>a</strong></span> <span class='ocrx_word' id='word_1_76' title='bbox 1489 743 1593 786; x_wconf 85' lang='lat' dir='ltr'><strong>Sal-</strong></span> 
     </span>
     <span class='ocr_line' id='line_1_12' title="bbox 293 796 1593 855; baseline -0.002 -13"><span class='ocrx_word' id='word_1_77' title='bbox 293 797 556 842; x_wconf 87' lang='lat' dir='ltr'><strong>manticensi</strong></span> <span class='ocrx_word' id='word_1_78' title='bbox 584 796 770 845; x_wconf 72' lang='lat' dir='ltr'><strong>Schotii,</strong></span> <span class='ocrx_word' id='word_1_79' title='bbox 799 796 921 839; x_wconf 84' lang='lat' dir='ltr'><strong>cuius</strong></span> <span class='ocrx_word' id='word_1_80' title='bbox 950 797 1100 839; x_wconf 90' lang='lat' dir='ltr'><strong>itidem</strong></span> <span class='ocrx_word' id='word_1_81' title='bbox 1132 797 1351 854; x_wconf 78' lang='lat' dir='ltr'><strong>excerptis</strong></span> <span class='ocrx_word' id='word_1_82' title='bbox 1380 799 1593 855; x_wconf 80' lang='lat' dir='ltr'><strong>pe1·egre-&#39;</strong></span> 
     </span>
     <span class='ocr_line' id='line_1_13' title="bbox 295 852 1591 913; baseline -0.002 -16"><span class='ocrx_word' id='word_1_83' title='bbox 295 856 373 913; x_wconf 88' lang='lat' dir='ltr'><strong>giis</strong></span> <span class='ocrx_word' id='word_1_84' title='bbox 411 870 512 896; x_wconf 91' lang='lat' dir='ltr'><strong>usus</strong></span> <span class='ocrx_word' id='word_1_85' title='bbox 549 861 612 895; x_wconf 85' lang='lat' dir='ltr'><strong>est</strong></span> <span class='ocrx_word' id='word_1_86' title='bbox 649 855 1020 908; x_wconf 64' lang='lat' dir='ltr'><strong>hug-ermannus,</strong></span> <span class='ocrx_word' id='word_1_87' title='bbox 1060 868 1151 894; x_wconf 87' lang='lat' dir='ltr'><strong>non</strong></span> <span class='ocrx_word' id='word_1_88' title='bbox 1179 854 1373 896; x_wconf 88' lang='lat' dir='ltr'><strong>multum</strong></span> <span class='ocrx_word' id='word_1_89' title='bbox 1411 852 1591 897; x_wconf 68' lang='lat' dir='ltr'><strong>disterre&#39;</strong></span> 
     </span>
     <span class='ocr_line' id='line_1_14' title="bbox 296 907 1593 968; baseline -0.002 -14"><span class='ocrx_word' id='word_1_90' title='bbox 296 921 359 955; x_wconf 91' lang='lat' dir='ltr'><strong>est</strong></span> <span class='ocrx_word' id='word_1_91' title='bbox 397 911 474 952; x_wconf 82' lang='lat' dir='ltr'><strong>ubi</strong></span> <span class='ocrx_word' id='word_1_92' title='bbox 510 910 558 952; x_wconf 89' lang='lat' dir='ltr'><strong>in</strong></span> <span class='ocrx_word' id='word_1_93' title='bbox 594 908 709 951; x_wconf 72' lang='lat' dir='ltr'><strong>notis</strong></span> <span class='ocrx_word' id='word_1_94' title='bbox 739 924 810 950; x_wconf 88' lang='lat' dir='ltr'><strong>me</strong></span> <span class='ocrx_word' id='word_1_95' title='bbox 838 907 935 950; x_wconf 84' lang='lat' dir='ltr'><strong>dixi</strong></span> <span class='ocrx_word' id='word_1_96' title='bbox 963 908 1216 966; x_wconf 82' lang='lat' dir='ltr'><strong>opinatum:</strong></span> <span class='ocrx_word' id='word_1_97' title='bbox 1260 909 1366 951; x_wconf 83' lang='lat' dir='ltr'><strong>huic</strong></span> <span class='ocrx_word' id='word_1_98' title='bbox 1392 908 1593 968; x_wconf 77' lang='lat' dir='ltr'><strong>profecto</strong></span> 
     </span>
     <span class='ocr_line' id='line_1_15' title="bbox 295 964 1594 1015; baseline -0.002 -5"><span class='ocrx_word' id='word_1_99' title='bbox 295 967 571 1012; x_wconf 75' lang='lat' dir='ltr'><strong>coniecturae</strong></span> <span class='ocrx_word' id='word_1_100' title='bbox 608 979 732 1006; x_wconf 81' lang='lat' dir='ltr'><strong>meae</strong></span> <span class='ocrx_word' id='word_1_101' title='bbox 765 964 901 1006; x_wconf 78' lang='lat' dir='ltr'><strong>fidem</strong></span> <span class='ocrx_word' id='word_1_102' title='bbox 949 964 1054 1007; x_wconf 87' lang='lat' dir='ltr'><strong>facit</strong></span> <span class='ocrx_word' id='word_1_103' title='bbox 1096 964 1299 1007; x_wconf 79' lang='lat' dir='ltr'><strong>vicinitas</strong></span> <span class='ocrx_word' id='word_1_104' title='bbox 1340 966 1594 1015; x_wconf 74' lang='lat' dir='ltr'><strong>lectionum,</strong></span> 
     </span>
     <span class='ocr_line' id='line_1_16' title="bbox 296 1020 1592 1079; baseline -0.001 -14"><span class='ocrx_word' id='word_1_105' title='bbox 296 1040 406 1079; x_wconf 82' lang='lat' dir='ltr'><strong>quae</strong></span> <span class='ocrx_word' id='word_1_106' title='bbox 446 1024 491 1064; x_wconf 90' lang='lat' dir='ltr'><strong>in</strong></span> <span class='ocrx_word' id='word_1_107' title='bbox 531 1021 726 1074; x_wconf 86' lang='lat' dir='ltr'><strong>utrisque</strong></span> <span class='ocrx_word' id='word_1_108' title='bbox 763 1020 978 1077; x_wconf 79' lang='lat' dir='ltr'><strong>excerptis</strong></span> <span class='ocrx_word' id='word_1_109' title='bbox 1014 1021 1288 1063; x_wconf 82' lang='lat' dir='ltr'><strong>observatur:</strong></span> <span class='ocrx_word' id='word_1_110' title='bbox 1336 1021 1455 1064; x_wconf 72' lang='lat' dir='ltr'><strong>forte</strong></span> <span class='ocrx_word' id='word_1_111' title='bbox 1482 1036 1592 1064; x_wconf 84' lang='lat' dir='ltr'><strong>vero</strong></span> 
     </span>
     <span class='ocr_line' id='line_1_17' title="bbox 297 1076 1594 1141; baseline -0.002 -19"><span class='ocrx_word' id='word_1_112' title='bbox 297 1081 477 1135; x_wconf 84' lang='lat' dir='ltr'><strong>diligens</strong></span> <span class='ocrx_word' id='word_1_113' title='bbox 505 1078 642 1120; x_wconf 87' lang='lat' dir='ltr'><strong>lector</strong></span> <span class='ocrx_word' id='word_1_114' title='bbox 669 1091 757 1118; x_wconf 91' lang='lat' dir='ltr'><strong>non</strong></span> <span class='ocrx_word' id='word_1_115' title='bbox 785 1077 878 1119; x_wconf 89' lang='lat' dir='ltr'><strong>sine</strong></span> <span class='ocrx_word' id='word_1_116' title='bbox 907 1076 1077 1118; x_wconf 83' lang='lat' dir='ltr'><strong>ratione</strong></span> <span class='ocrx_word' id='word_1_117' title='bbox 1095 1076 1298 1128; x_wconf 83' lang='lat' dir='ltr'><strong>miretur,</strong></span> <span class='ocrx_word' id='word_1_118' title='bbox 1328 1077 1434 1141; x_wconf 79' lang='lat' dir='ltr'><strong>quid</strong></span> <span class='ocrx_word' id='word_1_119' title='bbox 1453 1077 1594 1129; x_wconf 65' lang='lat' dir='ltr'><strong>fuerit,</strong></span> 
     </span>
     <span class='ocr_line' id='line_1_18' title="bbox 298 1132 1594 1189; baseline -0.003 -11"><span class='ocrx_word' id='word_1_120' title='bbox 298 1150 476 1185; x_wconf 82' lang='lat' dir='ltr'><strong>causae,</strong></span> <span class='ocrx_word' id='word_1_121' title='bbox 530 1148 610 1175; x_wconf 84' lang='lat' dir='ltr'><strong>cur</strong></span> <span class='ocrx_word' id='word_1_122' title='bbox 651 1133 725 1174; x_wconf 88' lang='lat' dir='ltr'><strong>illa</strong></span> <span class='ocrx_word' id='word_1_123' title='bbox 765 1140 969 1189; x_wconf 85' lang='lat' dir='ltr'><strong>excerpta</strong></span> <span class='ocrx_word' id='word_1_124' title='bbox 997 1132 1164 1187; x_wconf 87' lang='lat' dir='ltr'><strong>saepius</strong></span> <span class='ocrx_word' id='word_1_125' title='bbox 1191 1133 1237 1174; x_wconf 88' lang='lat' dir='ltr'><strong>in</strong></span> <span class='ocrx_word' id='word_1_126' title='bbox 1268 1148 1377 1175; x_wconf 80' lang='lat' dir='ltr'><strong>meis</strong></span> <span class='ocrx_word' id='word_1_127' title='bbox 1405 1135 1594 1185; x_wconf 59' lang='lat' dir='ltr'><strong>adnata·—⁸</strong></span> 
     </span>
     <span class='ocr_line' id='line_1_19' title="bbox 297 1188 1594 1244; baseline -0.002 -10"><span class='ocrx_word' id='word_1_128' title='bbox 297 1193 492 1234; x_wconf 75' lang='lat' dir='ltr'><strong>tionibus</strong></span> <span class='ocrx_word' id='word_1_129' title='bbox 523 1206 548 1233; x_wconf 88' lang='lat' dir='ltr'><strong>a</strong></span> <span class='ocrx_word' id='word_1_130' title='bbox 577 1189 920 1244; x_wconf 80' lang='lat' dir='ltr'><strong>Falckenburgio</strong></span> <span class='ocrx_word' id='word_1_131' title='bbox 950 1188 1315 1237; x_wconf 80' lang='lat' dir='ltr'><strong>abiudicaverim;</strong></span> <span class='ocrx_word' id='word_1_132' title='bbox 1354 1188 1493 1231; x_wconf 90' lang='lat' dir='ltr'><strong>libere</strong></span> <span class='ocrx_word' id='word_1_133' title='bbox 1521 1189 1594 1231; x_wconf 86' lang='lat' dir='ltr'><strong>di-</strong></span> 
     </span>
     <span class='ocr_line' id='line_1_20' title="bbox 299 1244 1593 1302; baseline -0.002 -14"><span class='ocrx_word' id='word_1_134' title='bbox 299 1264 417 1295; x_wconf 84' lang='lat' dir='ltr'><strong>cam,</strong></span> <span class='ocrx_word' id='word_1_135' title='bbox 458 1245 575 1302; x_wconf 87' lang='lat' dir='ltr'><strong>quod</strong></span> <span class='ocrx_word' id='word_1_136' title='bbox 604 1245 766 1286; x_wconf 87' lang='lat' dir='ltr'><strong>sentio:</strong></span> <span class='ocrx_word' id='word_1_137' title='bbox 817 1244 928 1286; x_wconf 86' lang='lat' dir='ltr'><strong>mihi</strong></span> <span class='ocrx_word' id='word_1_138' title='bbox 952 1244 1129 1300; x_wconf 87' lang='lat' dir='ltr'><strong>quidem</strong></span> <span class='ocrx_word' id='word_1_139' title='bbox 1160 1244 1390 1288; x_wconf 81' lang='lat' dir='ltr'><strong>videbatur</strong></span> <span class='ocrx_word' id='word_1_140' title='bbox 1415 1260 1593 1302; x_wconf 85' lang='lat' dir='ltr'><strong>prorsus</strong></span> 
     </span>
     <span class='ocr_line' id='line_1_21' title="bbox 296 1300 1595 1359; baseline -0.005 -12"><span class='ocrx_word' id='word_1_141' title='bbox 296 1302 611 1348; x_wconf 79' lang='lat' dir='ltr'><strong>inconveniens</strong></span> <span class='ocrx_word' id='word_1_142' title='bbox 641 1302 748 1343; x_wconf 87' lang='lat' dir='ltr'><strong>haec</strong></span> <span class='ocrx_word' id='word_1_143' title='bbox 775 1315 932 1342; x_wconf 85' lang='lat' dir='ltr'><strong>manus</strong></span> <span class='ocrx_word' id='word_1_144' title='bbox 960 1308 1005 1342; x_wconf 92' lang='lat' dir='ltr'><strong>et</strong></span> <span class='ocrx_word' id='word_1_145' title='bbox 1031 1300 1366 1357; x_wconf 86' lang='lat' dir='ltr'><strong>Falckenburgii</strong></span> <span class='ocrx_word' id='word_1_146' title='bbox 1397 1301 1595 1359; x_wconf 59' lang='lat' dir='ltr'><strong>scriptu-⁴</strong></span> 
     </span>
     <span class='ocr_line' id='line_1_22' title="bbox 295 1356 1595 1414; baseline -0.002 -13"><span class='ocrx_word' id='word_1_147' title='bbox 295 1377 369 1406; x_wconf 82' lang='lat' dir='ltr'><strong>ra,</strong></span> <span class='ocrx_word' id='word_1_148' title='bbox 408 1374 539 1414; x_wconf 88' lang='lat' dir='ltr'><strong>quam</strong></span> <span class='ocrx_word' id='word_1_149' title='bbox 579 1365 623 1398; x_wconf 87' lang='lat' dir='ltr'><strong>et</strong></span> <span class='ocrx_word' id='word_1_150' title='bbox 660 1356 911 1413; x_wconf 82' lang='lat' dir='ltr'><strong>saepissime</strong></span> <span class='ocrx_word' id='word_1_151' title='bbox 949 1357 1063 1409; x_wconf 82' lang='lat' dir='ltr'><strong>vidi,</strong></span> <span class='ocrx_word' id='word_1_152' title='bbox 1117 1363 1160 1397; x_wconf 85' lang='lat' dir='ltr'><strong>et</strong></span> <span class='ocrx_word' id='word_1_153' title='bbox 1197 1358 1492 1412; x_wconf 74' lang='lat' dir='ltr'><strong>pulcherrime</strong></span> <span class='ocrx_word' id='word_1_154' title='bbox 1520 1362 1595 1400; x_wconf 82' lang='lat' dir='ltr'><strong>me&#39;</strong></span> 
     </span>
     <span class='ocr_line' id='line_1_23' title="bbox 296 1411 1594 1470; baseline -0.004 -12"><span class='ocrx_word' id='word_1_155' title='bbox 296 1430 422 1458; x_wconf 86' lang='lat' dir='ltr'><strong>nosse</strong></span> <span class='ocrx_word' id='word_1_156' title='bbox 459 1413 784 1460; x_wconf 74' lang='lat' dir='ltr'><strong>existimabam.</strong></span> <span class='ocrx_word' id='word_1_157' title='bbox 824 1420 874 1453; x_wconf 87' lang='lat' dir='ltr'><strong>ut</strong></span> <span class='ocrx_word' id='word_1_158' title='bbox 913 1412 1041 1454; x_wconf 86' lang='lat' dir='ltr'><strong>etiam</strong></span> <span class='ocrx_word' id='word_1_159' title='bbox 1084 1411 1292 1456; x_wconf 86' lang='lat' dir='ltr'><strong>facillimo</strong></span> <span class='ocrx_word' id='word_1_160' title='bbox 1331 1414 1508 1470; x_wconf 87' lang='lat' dir='ltr'><strong>negotio</strong></span> <span class='ocrx_word' id='word_1_161' title='bbox 1538 1413 1594 1454; x_wconf 90' lang='lat' dir='ltr'><strong>ab</strong></span> 
     </span>
     <span class='ocr_line' id='line_1_24' title="bbox 298 1468 1593 1525; baseline -0.005 -11"><span class='ocrx_word' id='word_1_162' title='bbox 298 1473 383 1514; x_wconf 85' lang='lat' dir='ltr'><strong>alia</strong></span> <span class='ocrx_word' id='word_1_163' title='bbox 412 1470 711 1524; x_wconf 85' lang='lat' dir='ltr'><strong>cuiuscunque</strong></span> <span class='ocrx_word' id='word_1_164' title='bbox 740 1483 876 1510; x_wconf 88' lang='lat' dir='ltr'><strong>manu</strong></span> <span class='ocrx_word' id='word_1_165' title='bbox 905 1468 1236 1523; x_wconf 82' lang='lat' dir='ltr'><strong>distinguerem:</strong></span> <span class='ocrx_word' id='word_1_166' title='bbox 1267 1479 1492 1525; x_wconf 82' lang='lat' dir='ltr'><strong>permotus</strong></span> <span class='ocrx_word' id='word_1_167' title='bbox 1515 1469 1593 1523; x_wconf 88' lang='lat' dir='ltr'><strong>igi-</strong></span> 
     </span>
     <span class='ocr_line' id='line_1_25' title="bbox 296 1524 1595 1590; baseline -0.004 -20"><span class='ocrx_word' id='word_1_168' title='bbox 296 1537 370 1570; x_wconf 87' lang='lat' dir='ltr'><strong>tur</strong></span> <span class='ocrx_word' id='word_1_169' title='bbox 410 1527 634 1568; x_wconf 85' lang='lat' dir='ltr'><strong>oculorum</strong></span> <span class='ocrx_word' id='word_1_170' title='bbox 672 1539 872 1566; x_wconf 85' lang='lat' dir='ltr'><strong>meorum</strong></span> <span class='ocrx_word' id='word_1_171' title='bbox 906 1524 1177 1572; x_wconf 81' lang='lat' dir='ltr'><strong>testimonio,</strong></span> <span class='ocrx_word' id='word_1_172' title='bbox 1214 1525 1332 1578; x_wconf 85' lang='lat' dir='ltr'><strong>quod</strong></span> <span class='ocrx_word' id='word_1_173' title='bbox 1373 1525 1490 1590; x_wconf 81' lang='lat' dir='ltr'><strong>apud</strong></span> <span class='ocrx_word' id='word_1_174' title='bbox 1522 1538 1595 1566; x_wconf 88' lang='lat' dir='ltr'><strong>me</strong></span> 
     </span>
     <span class='ocr_line' id='line_1_26' title="bbox 297 1579 1591 1639; baseline -0.003 -14"><span class='ocrx_word' id='word_1_175' title='bbox 297 1584 476 1639; x_wconf 84' lang='lat' dir='ltr'><strong>quidem</strong></span> <span class='ocrx_word' id='word_1_176' title='bbox 510 1582 776 1624; x_wconf 88' lang='lat' dir='ltr'><strong>nonnullum</strong></span> <span class='ocrx_word' id='word_1_177' title='bbox 805 1579 971 1622; x_wconf 87' lang='lat' dir='ltr'><strong>obtinet</strong></span> <span class='ocrx_word' id='word_1_178' title='bbox 997 1581 1157 1631; x_wconf 85' lang='lat' dir='ltr'><strong>locum,</strong></span> <span class='ocrx_word' id='word_1_179' title='bbox 1187 1579 1306 1622; x_wconf 86' lang='lat' dir='ltr'><strong>illam</strong></span> <span class='ocrx_word' id='word_1_180' title='bbox 1335 1581 1591 1639; x_wconf 79' lang='lat' dir='ltr'><strong>opinionem</strong></span> 
     </span>
     <span class='ocr_line' id='line_1_27' title="bbox 296 1636 1596 1694; baseline -0.003 -14"><span class='ocrx_word' id='word_1_181' title='bbox 296 1655 440 1682; x_wconf 88' lang='lat' dir='ltr'><strong>meam</strong></span> <span class='ocrx_word' id='word_1_182' title='bbox 481 1638 717 1693; x_wconf 80' lang='lat' dir='ltr'><strong>proposui:</strong></span> <span class='ocrx_word' id='word_1_183' title='bbox 757 1636 856 1689; x_wconf 89' lang='lat' dir='ltr'><strong>sed,</strong></span> <span class='ocrx_word' id='word_1_184' title='bbox 898 1651 998 1678; x_wconf 88' lang='lat' dir='ltr'><strong>cum</strong></span> <span class='ocrx_word' id='word_1_185' title='bbox 1035 1643 1078 1682; x_wconf 75' lang='lat' dir='ltr'><strong>et</strong></span> <span class='ocrx_word' id='word_1_186' title='bbox 1114 1636 1335 1678; x_wconf 83' lang='lat' dir='ltr'><strong>maximus</strong></span> <span class='ocrx_word' id='word_1_187' title='bbox 1380 1636 1596 1694; x_wconf 59' lang='lat' dir='ltr'><strong>Graevius</strong></span> 
     </span>
     <span class='ocr_line' id='line_1_28' title="bbox 298 1691 1595 1748; baseline -0.004 -11"><span class='ocrx_word' id='word_1_188' title='bbox 298 1703 342 1737; x_wconf 89' lang='lat' dir='ltr'><strong>et</strong></span> <span class='ocrx_word' id='word_1_189' title='bbox 386 1694 643 1737; x_wconf 88' lang='lat' dir='ltr'><strong>Lederlinus</strong></span> <span class='ocrx_word' id='word_1_190' title='bbox 691 1707 815 1733; x_wconf 89' lang='lat' dir='ltr'><strong>meus</strong></span> <span class='ocrx_word' id='word_1_191' title='bbox 863 1691 910 1732; x_wconf 88' lang='lat' dir='ltr'><strong>in</strong></span> <span class='ocrx_word' id='word_1_192' title='bbox 950 1691 1187 1733; x_wconf 86' lang='lat' dir='ltr'><strong>contrarias</strong></span> <span class='ocrx_word' id='word_1_193' title='bbox 1225 1691 1384 1734; x_wconf 87' lang='lat' dir='ltr'><strong>abeant</strong></span> <span class='ocrx_word' id='word_1_194' title='bbox 1425 1700 1595 1748; x_wconf 72' lang='lat' dir='ltr'><strong>partes,¹</strong></span> 
     </span>
     <span class='ocr_line' id='line_1_29' title="bbox 296 1747 1594 1796; baseline -0.004 -3"><span class='ocrx_word' id='word_1_195' title='bbox 296 1766 386 1794; x_wconf 88' lang='lat' dir='ltr'><strong>non</strong></span> <span class='ocrx_word' id='word_1_196' title='bbox 428 1750 491 1792; x_wconf 79' lang='lat' dir='ltr'><strong>ita</strong></span> <span class='ocrx_word' id='word_1_197' title='bbox 525 1763 649 1790; x_wconf 83' lang='lat' dir='ltr'><strong>meae</strong></span> <span class='ocrx_word' id='word_1_198' title='bbox 685 1747 924 1788; x_wconf 85' lang='lat' dir='ltr'><strong>sententiae</strong></span> <span class='ocrx_word' id='word_1_199' title='bbox 963 1762 1059 1788; x_wconf 89' lang='lat' dir='ltr'><strong>sum</strong></span> <span class='ocrx_word' id='word_1_200' title='bbox 1095 1754 1247 1796; x_wconf 77' lang='lat' dir='ltr'><strong>tenax,</strong></span> <span class='ocrx_word' id='word_1_201' title='bbox 1286 1755 1336 1789; x_wconf 86' lang='lat' dir='ltr'><strong>ut</strong></span> <span class='ocrx_word' id='word_1_202' title='bbox 1363 1762 1459 1790; x_wconf 70' lang='lat' dir='ltr'><strong>enm</strong></span> <span class='ocrx_word' id='word_1_203' title='bbox 1489 1756 1594 1789; x_wconf 83' lang='lat' dir='ltr'><strong>tan-</strong></span> 
     </span>
     <span class='ocr_line' id='line_1_30' title="bbox 297 1801 1596 1862; baseline -0.002 -14"><span class='ocrx_word' id='word_1_204' title='bbox 297 1821 430 1862; x_wconf 77' lang='lat' dir='ltr'><strong>quam</strong></span> <span class='ocrx_word' id='word_1_205' title='bbox 461 1804 745 1853; x_wconf 76' lang='lat' dir='ltr'><strong>certissimam</strong></span> <span class='ocrx_word' id='word_1_206' title='bbox 774 1802 1012 1844; x_wconf 83' lang='lat' dir='ltr'><strong>defendere</strong></span> <span class='ocrx_word' id='word_1_207' title='bbox 1040 1801 1238 1844; x_wconf 75' lang='lat' dir='ltr'><strong>animum</strong></span> <span class='ocrx_word' id='word_1_208' title='bbox 1267 1802 1500 1845; x_wconf 76' lang='lat' dir='ltr'><strong>inducam:</strong></span> <span class='ocrx_word' id='word_1_209' title='bbox 1542 1818 1596 1844; x_wconf 85' lang='lat' dir='ltr'><strong>ea.</strong></span> 
     </span>
     <span class='ocr_line' id='line_1_31' title="bbox 299 1855 1595 1914; baseline -0.003 -10"><span class='ocrx_word' id='word_1_210' title='bbox 299 1863 417 1904; x_wconf 84' lang='lat' dir='ltr'><strong>enim</strong></span> <span class='ocrx_word' id='word_1_211' title='bbox 462 1859 676 1913; x_wconf 67' lang='lat' dir='ltr'><strong>insulsitas</strong></span> <span class='ocrx_word' id='word_1_212' title='bbox 715 1866 825 1899; x_wconf 89' lang='lat' dir='ltr'><strong>esset</strong></span> <span class='ocrx_word' id='word_1_213' title='bbox 862 1858 998 1914; x_wconf 88' lang='lat' dir='ltr'><strong>plenis</strong></span> <span class='ocrx_word' id='word_1_214' title='bbox 1027 1857 1248 1900; x_wconf 87' lang='lat' dir='ltr'><strong>cachinnis</strong></span> <span class='ocrx_word' id='word_1_215' title='bbox 1277 1859 1527 1911; x_wconf 83' lang='lat' dir='ltr'><strong>deridenda,</strong></span> <span class='ocrx_word' id='word_1_216' title='bbox 1556 1855 1595 1900; x_wconf 79' lang='grc' dir='ltr'><strong>εἰ</strong></span> 
     </span>
     <span class='ocr_line' id='line_1_32' title="bbox 298 1914 1593 1974; baseline -0.002 -15"><span class='ocrx_word' id='word_1_217' title='bbox 298 1918 391 1974; x_wconf 83' lang='lat' dir='ltr'><strong>quis</strong></span> <span class='ocrx_word' id='word_1_218' title='bbox 429 1914 629 1958; x_wconf 86' lang='lat' dir='ltr'><strong>altercari</strong></span> <span class='ocrx_word' id='word_1_219' title='bbox 667 1914 911 1956; x_wconf 85' lang='lat' dir='ltr'><strong>institueret</strong></span> <span class='ocrx_word' id='word_1_220' title='bbox 947 1914 1000 1955; x_wconf 90' lang='lat' dir='ltr'><strong>de</strong></span> <span class='ocrx_word' id='word_1_221' title='bbox 1041 1921 1593 1970; x_wconf 25' lang='lat' dir='ltr'><strong>excerptorum-auctor&amp;</strong></span> 
     </span>
     <span class='ocr_line' id='line_1_33' title="bbox 299 1969 1595 2026; baseline -0.002 -11"><span class='ocrx_word' id='word_1_222' title='bbox 299 1972 540 2015; x_wconf 89' lang='lat' dir='ltr'><strong>dummodo</strong></span> <span class='ocrx_word' id='word_1_223' title='bbox 581 1971 636 2012; x_wconf 92' lang='lat' dir='ltr'><strong>de</strong></span> <span class='ocrx_word' id='word_1_224' title='bbox 673 1970 939 2026; x_wconf 85' lang='lat' dir='ltr'><strong>praestantia</strong></span> <span class='ocrx_word' id='word_1_225' title='bbox 980 1977 1022 2011; x_wconf 87' lang='lat' dir='ltr'><strong>et</strong></span> <span class='ocrx_word' id='word_1_226' title='bbox 1059 1969 1245 2011; x_wconf 83' lang='lat' dir='ltr'><strong>utilitate</strong></span> <span class='ocrx_word' id='word_1_227' title='bbox 1283 1974 1338 2012; x_wconf 86' lang='lat' dir='ltr'><strong>sit</strong></span> <span class='ocrx_word' id='word_1_228' title='bbox 1366 1970 1595 2012; x_wconf 83' lang='lat' dir='ltr'><strong>testatissi-</strong></span> 
     </span>
     <span class='ocr_line' id='line_1_34' title="bbox 298 2025 1592 2082; baseline -0.002 -11"><span class='ocrx_word' id='word_1_229' title='bbox 298 2044 449 2077; x_wconf 82' lang='lat' dir='ltr'><strong>rnum,</strong></span> <span class='ocrx_word' id='word_1_230' title='bbox 489 2042 579 2069; x_wconf 88' lang='lat' dir='ltr'><strong>non</strong></span> <span class='ocrx_word' id='word_1_231' title='bbox 618 2034 682 2068; x_wconf 88' lang='lat' dir='ltr'><strong>est</strong></span> <span class='ocrx_word' id='word_1_232' title='bbox 720 2025 835 2081; x_wconf 90' lang='lat' dir='ltr'><strong>quod</strong></span> <span class='ocrx_word' id='word_1_233' title='bbox 874 2025 999 2067; x_wconf 87' lang='lat' dir='ltr'><strong>illum</strong></span> <span class='ocrx_word' id='word_1_234' title='bbox 1040 2033 1271 2082; x_wconf 86' lang='lat' dir='ltr'><strong>tantopere</strong></span> <span class='ocrx_word' id='word_1_235' title='bbox 1318 2041 1592 2082; x_wconf 85' lang='lat' dir='ltr'><strong>quaeramus.</strong></span> 
     </span>
     <span class='ocr_line' id='line_1_35' title="bbox 298 2081 1594 2137; baseline -0.002 -11"><span class='ocrx_word' id='word_1_236' title='bbox 298 2086 423 2129; x_wconf 82' lang='lat' dir='ltr'><strong>Esset</strong></span> <span class='ocrx_word' id='word_1_237' title='bbox 461 2098 568 2124; x_wconf 83' lang='lat' dir='ltr'><strong>vero</strong></span> <span class='ocrx_word' id='word_1_238' title='bbox 605 2096 737 2137; x_wconf 89' lang='lat' dir='ltr'><strong>quam</strong></span> <span class='ocrx_word' id='word_1_239' title='bbox 775 2083 967 2122; x_wconf 88' lang='lat' dir='ltr'><strong>maxime</strong></span> <span class='ocrx_word' id='word_1_240' title='bbox 997 2081 1266 2137; x_wconf 85' lang='lat' dir='ltr'><strong>optandum,</strong></span> <span class='ocrx_word' id='word_1_241' title='bbox 1312 2090 1362 2124; x_wconf 88' lang='lat' dir='ltr'><strong>ut</strong></span> <span class='ocrx_word' id='word_1_242' title='bbox 1401 2083 1594 2124; x_wconf 75' lang='lat' dir='ltr'><strong>secunda</strong></span> 
     </span>
     <span class='ocr_line' id='line_1_36' title="bbox 298 2137 1593 2196; baseline -0.003 -14"><span class='ocrx_word' id='word_1_243' title='bbox 298 2140 488 2196; x_wconf 78' lang='lat' dir='ltr'><strong>quadam</strong></span> <span class='ocrx_word' id='word_1_244' title='bbox 517 2138 695 2180; x_wconf 80' lang='lat' dir='ltr'><strong>fortuna</strong></span> <span class='ocrx_word' id='word_1_245' title='bbox 733 2137 803 2178; x_wconf 88' lang='lat' dir='ltr'><strong>hic</strong></span> <span class='ocrx_word' id='word_1_246' title='bbox 842 2137 984 2179; x_wconf 85' lang='lat' dir='ltr'><strong>codex</strong></span> <span class='ocrx_word' id='word_1_247' title='bbox 1012 2138 1060 2178; x_wconf 88' lang='lat' dir='ltr'><strong>in</strong></span> <span class='ocrx_word' id='word_1_248' title='bbox 1090 2145 1270 2190; x_wconf 72' lang='lat' dir='ltr'><strong>nostras,</strong></span> <span class='ocrx_word' id='word_1_249' title='bbox 1300 2145 1377 2179; x_wconf 81' lang='lat' dir='ltr'><strong>ant</strong></span> <span class='ocrx_word' id='word_1_250' title='bbox 1404 2137 1593 2180; x_wconf 88' lang='lat' dir='ltr'><strong>cuiusvis</strong></span> 
     </span>
     <span class='ocr_line' id='line_1_37' title="bbox 299 2192 1594 2250; baseline -0.003 -12"><span class='ocrx_word' id='word_1_251' title='bbox 299 2195 481 2241; x_wconf 81' lang='lat' dir='ltr'><strong>eruditi,</strong></span> <span class='ocrx_word' id='word_1_252' title='bbox 522 2193 596 2250; x_wconf 88' lang='lat' dir='ltr'><strong>qui</strong></span> <span class='ocrx_word' id='word_1_253' title='bbox 638 2192 700 2234; x_wconf 85' lang='lat' dir='ltr'><strong>rei</strong></span> <span class='ocrx_word' id='word_1_254' title='bbox 728 2193 949 2235; x_wconf 68' lang='lat' dir='ltr'><strong>litei-ariae</strong></span> <span class='ocrx_word' id='word_1_255' title='bbox 978 2193 1214 2235; x_wconf 87' lang='lat' dir='ltr'><strong>commodis</strong></span> <span class='ocrx_word' id='word_1_256' title='bbox 1242 2195 1450 2240; x_wconf 82' lang='lat' dir='ltr'><strong>studeret.</strong></span> <span class='ocrx_word' id='word_1_257' title='bbox 1477 2193 1594 2243; x_wconf 52' lang='lat' dir='ltr'><strong>inci-f</strong></span> 
     </span>
     <span class='ocr_line' id='line_1_38' title="bbox 298 2248 1593 2305; baseline -0.003 -11"><span class='ocrx_word' id='word_1_258' title='bbox 298 2254 422 2294; x_wconf 80' lang='lat' dir='ltr'><strong>deret</strong></span> <span class='ocrx_word' id='word_1_259' title='bbox 459 2263 639 2300; x_wconf 78' lang='lat' dir='ltr'><strong>manus3</strong></span> <span class='ocrx_word' id='word_1_260' title='bbox 688 2248 891 2303; x_wconf 83' lang='lat' dir='ltr'><strong>equidem</strong></span> <span class='ocrx_word' id='word_1_261' title='bbox 933 2262 1021 2290; x_wconf 86' lang='lat' dir='ltr'><strong>non</strong></span> <span class='ocrx_word' id='word_1_262' title='bbox 1063 2249 1240 2298; x_wconf 86' lang='lat' dir='ltr'><strong>dubito,</strong></span> <span class='ocrx_word' id='word_1_263' title='bbox 1288 2249 1391 2304; x_wconf 90' lang='lat' dir='ltr'><strong>quin</strong></span> <span class='ocrx_word' id='word_1_264' title='bbox 1432 2263 1593 2305; x_wconf 86' lang='lat' dir='ltr'><strong>magna</strong></span> 
     </span>
     <span class='ocr_line' id='line_1_39' title="bbox 298 2304 1592 2349; baseline -0.002 -1"><span class='ocrx_word' id='word_1_265' title='bbox 298 2323 399 2349; x_wconf 88' lang='lat' dir='ltr'><strong>cum</strong></span> <span class='ocrx_word' id='word_1_266' title='bbox 449 2304 634 2348; x_wconf 88' lang='lat' dir='ltr'><strong>Pollucis</strong></span> <span class='ocrx_word' id='word_1_267' title='bbox 680 2304 867 2346; x_wconf 87' lang='lat' dir='ltr'><strong>utilitate</strong></span> <span class='ocrx_word' id='word_1_268' title='bbox 887 2304 1263 2347; x_wconf 33' lang='lat' dir='ltr'><strong>„luculentioribus</strong></span> <span class='ocrx_word' id='word_1_269' title='bbox 1303 2304 1433 2347; x_wconf 75' lang='lat' dir='ltr'><strong>etiam</strong></span> <span class='ocrx_word' id='word_1_270' title='bbox 1472 2304 1592 2347; x_wconf 77' lang='lat' dir='ltr'><strong>anti-</strong></span> 
     </span>
     <span class='ocr_line' id='line_1_40' title="bbox 298 2359 1594 2418; baseline -0.002 -14"><span class='ocrx_word' id='word_1_271' title='bbox 298 2377 408 2418; x_wconf 76' lang='lat' dir='ltr'><strong>quae</strong></span> <span class='ocrx_word' id='word_1_272' title='bbox 442 2360 546 2403; x_wconf 45' lang='lat' dir='ltr'><strong>&gt;fidei</strong></span> <span class='ocrx_word' id='word_1_273' title='bbox 582 2367 627 2401; x_wconf 75' lang='lat' dir='ltr'><strong>et</strong></span> <span class='ocrx_word' id='word_1_274' title='bbox 664 2360 890 2414; x_wconf 83' lang='lat' dir='ltr'><strong>probitatis</strong></span> <span class='ocrx_word' id='word_1_275' title='bbox 930 2360 1095 2403; x_wconf 88' lang='lat' dir='ltr'><strong>indiciis</strong></span> <span class='ocrx_word' id='word_1_276' title='bbox 1124 2359 1470 2417; x_wconf 71' lang='lat' dir='ltr'><strong>perfrueremur.</strong></span> <span class='ocrx_word' id='word_1_277' title='bbox 1525 2361 1594 2401; x_wconf 78' lang='lat' dir='ltr'><strong>De</strong></span> 
     </span>
     <span class='ocr_line' id='line_1_41' title="bbox 298 2415 1593 2470; baseline -0.004 -8"><span class='ocrx_word' id='word_1_278' title='bbox 298 2417 450 2462; x_wconf 77' lang='lat' dir='ltr'><strong>ceteris</strong></span> <span class='ocrx_word' id='word_1_279' title='bbox 475 2423 626 2458; x_wconf 72' lang='lat' dir='ltr'><strong>autem</strong></span> <span class='ocrx_word' id='word_1_280' title='bbox 656 2415 822 2458; x_wconf 82' lang='lat' dir='ltr'><strong>MSStis</strong></span> <span class='ocrx_word' id='word_1_281' title='bbox 848 2416 960 2459; x_wconf 89' lang='lat' dir='ltr'><strong>nihil</strong></span> <span class='ocrx_word' id='word_1_282' title='bbox 989 2432 1014 2458; x_wconf 86' lang='lat' dir='ltr'><strong>a</strong></span> <span class='ocrx_word' id='word_1_283' title='bbox 1044 2431 1116 2457; x_wconf 89' lang='lat' dir='ltr'><strong>me</strong></span> <span class='ocrx_word' id='word_1_284' title='bbox 1144 2415 1320 2470; x_wconf 76' lang='lat' dir='ltr'><strong>quidem</strong></span> <span class='ocrx_word' id='word_1_285' title='bbox 1360 2415 1593 2458; x_wconf 83' lang='lat' dir='ltr'><strong>dicendum</strong></span> 
     </span>
     <span class='ocr_line' id='line_1_42' title="bbox 298 2469 1594 2528; baseline -0.003 -12"><span class='ocrx_word' id='word_1_286' title='bbox 298 2481 447 2519; x_wconf 71' lang='lat' dir='ltr'><strong>restat,</strong></span> <span class='ocrx_word' id='word_1_287' title='bbox 478 2486 578 2514; x_wconf 88' lang='lat' dir='ltr'><strong>cum</strong></span> <span class='ocrx_word' id='word_1_288' title='bbox 610 2485 711 2512; x_wconf 88' lang='lat' dir='ltr'><strong>eum</strong></span> <span class='ocrx_word' id='word_1_289' title='bbox 740 2471 936 2513; x_wconf 86' lang='lat' dir='ltr'><strong>laborem</strong></span> <span class='ocrx_word' id='word_1_290' title='bbox 966 2472 1248 2528; x_wconf 86' lang='lat' dir='ltr'><strong>occuparint,</strong></span> <span class='ocrx_word' id='word_1_291' title='bbox 1277 2469 1356 2528; x_wconf 87' lang='lat' dir='ltr'><strong>qui</strong></span> <span class='ocrx_word' id='word_1_292' title='bbox 1385 2479 1486 2513; x_wconf 80' lang='lat' dir='ltr'><strong>ante</strong></span> <span class='ocrx_word' id='word_1_293' title='bbox 1515 2485 1594 2513; x_wconf 88' lang='lat' dir='ltr'><strong>nos</strong></span> 
     </span>
     <span class='ocr_line' id='line_1_43' title="bbox 301 2491 1592 2584; baseline -0.003 -12"><span class='ocrx_word' id='word_1_294' title='bbox 301 2491 494 2572; x_wconf 76' lang='lat' dir='ltr'><strong>curando</strong></span> <span class='ocrx_word' id='word_1_295' title='bbox 524 2526 691 2583; x_wconf 86' lang='lat' dir='ltr'><strong>Polluci</strong></span> <span class='ocrx_word' id='word_1_296' title='bbox 717 2526 1023 2584; x_wconf 83' lang='lat' dir='ltr'><strong>praefuerunt.</strong></span> <span class='ocrx_word' id='word_1_297' title='bbox 1081 2527 1369 2584; x_wconf 83' lang='lat' dir='ltr'><strong>Quantopere</strong></span> <span class='ocrx_word' id='word_1_298' title='bbox 1396 2541 1505 2570; x_wconf 83' lang='lat' dir='ltr'><strong>vero</strong></span> <span class='ocrx_word' id='word_1_299' title='bbox 1532 2526 1592 2569; x_wconf 79' lang='lat' dir='ltr'><strong>ab</strong></span> 
     </span>
    </p>

    <p class='ocr_par' dir='ltr' id='par_1_3' title="bbox 233 2581 1592 2643">
     <span class='ocr_line' id='line_1_44' title="bbox 233 2581 1592 2643; baseline -0.004 -13"><span class='ocrx_word' id='word_1_300' title='bbox 233 2599 289 2640; x_wconf 81' lang='lat'><strong>40</strong></span> <span class='ocrx_word' id='word_1_301' title='bbox 301 2585 406 2643; x_wconf 70' lang='lat' dir='ltr'><strong>ipsis</strong></span> <span class='ocrx_word' id='word_1_302' title='bbox 442 2581 701 2630; x_wconf 68' lang='lat' dir='ltr'><strong>eruditionis</strong></span> <span class='ocrx_word' id='word_1_303' title='bbox 733 2591 915 2627; x_wconf 76' lang='lat' dir='ltr'><strong>renatae</strong></span> <span class='ocrx_word' id='word_1_304' title='bbox 957 2581 1113 2635; x_wconf 75' lang='lat' dir='ltr'><strong>initiis,</strong></span> <span class='ocrx_word' id='word_1_305' title='bbox 1155 2597 1259 2627; x_wconf 83' lang='lat' dir='ltr'><strong>cum</strong></span> <span class='ocrx_word' id='word_1_306' title='bbox 1304 2581 1502 2640; x_wconf 57' lang='lat' dir='ltr'><strong>mimum</strong></span> <span class='ocrx_word' id='word_1_307' title='bbox 1531 2582 1592 2639; x_wconf 64' lang='lat' dir='ltr'><strong>jn</strong></span> 
     </span>
    </p>
   </div>
  </div>
 </body>
</html>
