1664 2950
243 122 299 163 88
457 114 755 156 TIBERH
796 114 1330 165 HEMSTERHUIS

426 534 428 536 ¹
503 569 766 614 ΤΙΒΕΒῙΙ
793 545 1293 615 HEMSTERHUIS

255 684 837 763 PRAEFATIO
873 684 999 737 AD
1040 660 1545 757 A-DDENDA.

318 814 510 859 Lectori
528 815 739 860 benevolo
760 814 805 857 S.
827 815 888 859 D.
922 814 1132 858 Tiberius
1151 814 1483 884 Hemsterhuis.

260 921 383 992 Post
416 964 658 992 excursum
692 949 892 993 felicibus
929 948 1130 1007 auspiciis
1169 947 1328 991 edendi
1365 948 1553 992 Pouucii·

260 1005 480 1065 spatium,
525 1005 637 1048 nihil
671 1006 782 1048 adeo
819 1013 982 1050 restare
1030 1005 1299 1058 arbitrabar,
1343 1005 1462 1062 quod
1502 1012 1558 1047 ut

262 1078 366 1105 cum
395 1061 569 1104 erudito
598 1063 762 1104 lectore
783 1061 1154 1105 communicarem
1177 1061 1361 1116 dignum
1377 1075 1556 1116 magno·

261 1133 369 1218 pere
416 1118 556 1160 videri
597 1126 762 1176 posset:
812 1118 995 1173 iamque«
1033 1117 1183 1160 animo
1230 1117 1557 1176 praecipiebam

296 1173 594 1217 onestissimae
626 1174 780 1229 quietis
807 1173 996 1225 fructus,
1034 1173 1104 1216 cui
1131 1188 1207 1216 me
1232 1180 1333 1227 post
1356 1174 1558 1215 exantla-

262 1240 362 1276 tum
397 1229 689 1272 molestissimi
715 1230 876 1278 laboris
905 1245 1016 1287 opus
1045 1230 1151 1272 dare
1178 1228 1483 1271 decreveram:
1511 1235 1559 1270 at

261 1294 496 1344 postquam
526 1288 652 1328 oculo
690 1286 967 1342 diligentiore
993 1301 1112 1328 meas
1141 1300 1350 1343 percurro
1377 1286 1559 1328 adnota-

263 1344 434 1394 tiones,
473 1349 522 1384 et>
554 1343 602 1385 in
639 1342 819 1398 singulis
854 1342 1166 1399 aliquantisper
1201 1340 1388 1390 haereo,
1427 1356 1560 1383 men-

264 1407 446 1454 temque
473 1399 666 1451 attendo,
693 1406 856 1441 sortem
883 1413 1068 1453 agnosco
1102 1398 1322 1441 humanae
1357 1405 1559 1448 naturae,

265 1464 310 1497 et
344 1453 510 1510 ingenii
544 1454 683 1496 nostri
726 1453 1059 1506 infirmilatem,
1097 1468 1233 1510 quam
1271 1469 1324 1496 eo
1359 1453 1561 1509 aequiori

266 1511 416 1554 animo
460 1509 690 1552 ferendam
735 1510 959 1559 existima,
1006 1511 1131 1566 quod
1171 1518 1223 1551 ea
1255 1509 1377 1565 lege,
1420 1523 1560 1566 eaque

266 1567 404 1610 simus
431 1567 523 1609 nati
550 1566 812 1619 conditione,
840 1573 891 1608 ut
917 1566 1119 1609 homines
1147 1581 1352 1619 essemus,
1379 1565 1428 1608 in
1483 1580 1562 1607 uos

265 1623 463 1680 plurima
498 1622 708 1665 vitiorum
737 1630 781 1664 et
809 1621 1106 1665 inbecillitatis
1130 1621 1333 1665 infinitae
1358 1621 1461 1664 incu
1495 1621 1563 1663 uit

267 1678 449 1722 cohors:
487 1679 701 1721 nonnulla
733 1678 868 1734 igitur
903 1677 1116 1734 relegenti
1152 1677 1413 1721 obtulerunt
1455 1691 1562 1730 sese,

266 1734 317 1780 in
354 1734 512 1790 quibus
547 1733 834 1779 humanitatis
872 1733 995 1789 signa
1031 1748 1104 1779 me
1137 1732 1363 1788 reliquisse
1401 1733 1565 1790 depre-

265 1791 430 1840 hendo,
461 1790 575 1845 quod
603 1790 688 1832 hoc
718 1789 890 1832 facilius
910 1789 1110 1832 accidere
1128 1788 1285 1846 potuit,
1311 1803 1401 1844 quo
1421 1788 1562 1845 magis

268 1846 556 1890 commodum
585 1853 629 1887 et
654 1845 864 1887 idoneum
898 1845 1138 1889 meditandi
1172 1853 1260 1887 tem
1295 1859 1346 1887 us
1384 1859 1565 1887 omnes-

269 1917 357 1958 que
391 1917 546 1944 rerum
584 1909 730 1957 partes
770 1901 1073 1958 perpendendi
1108 1900 1220 1943 mihi
1286 1899 1418 1943 eruit:
1457 1915 1564 1948 nam

267 1959 331 2001 ita
359 1958 745 2016 deproperandum
773 1957 863 1999 fuit
888 1958 974 2000 hoc
1003 1972 1132 2014 opus,
1167 1965 1220 1998 ut
1250 1957 1438 2013 singulis·
1458 1963 1563 2000 tan-

268 2022 367 2056 tum
394 2029 484 2056 non
512 2014 663 2056 diebus
691 2013 893 2056 habenda
919 2012 1055 2056 fuerit
1074 2014 1410 2071 typothetarum
1427 2012 1564 2056 ratio:

303 2078 497 2114 raeterea
534 2069 749 2126 quaedam
784 2085 811 2111 a
837 2069 965 2112 nobis
993 2068 1169 2118 omissa,
1225 2070 1441 2125 quaedam
1470 2084 1564 2112 non

267 2086 365 2171 foco
405 2126 521 2168 dicta
557 2133 660 2167 sunt
694 2132 736 2166 et
771 2126 943 2182 prolata
990 2125 1233 2168 memoriae
1275 2125 1407 2176 vitio,
1449 2139 1564 2181 quae

267 2184 533 2240 plerumque
570 2196 782 2239 perquam
821 2181 964 2223 labilis
1003 2197 1094 2223 esse
1131 2181 1240 2223 solet
1275 2189 1319 2224 et
1361 2181 1564 2233 infidelis,

268 2239 388 2281 unde
443 2253 534 2280 non
589 2237 746 2280 inscite
789 2238 953 2281 Arabes
999 2237 1183 2280 ductum
1228 2237 1284 2279 ab
1343 2237 1565 2280 oblivione

269 2309 437 2336 nomen
465 2294 636 2336 homini
664 2293 937 2336 indiderunt:
983 2293 1039 2335 de
1073 2293 1142 2336 his
1171 2293 1376 2336 omnibus
1403 2301 1456 2335 ut
1483 2293 1565 2334 be-

269 2351 482 2394 nevolum
521 2351 734 2392 lectorem
783 2349 972 2392 breviter
1006 2350 1268 2393 admoneam
1308 2349 1437 2392 officii
1475 2347 1564 2391 mei

270 2422 352 2449 nec
380 2421 469 2448 non
498 2405 679 2448 honoris
709 2406 903 2462 postulal.
928 2405 1064 2457 ralio,
1094 2422 1188 2449 non
1215 2405 1350 2448 dubia
1375 2404 1565 2447 confisus

269 2477 362 2520 spe,
396 2463 511 2560 puin
539 2461 687 2504 animo
717 2461 835 2504 sacili
860 2462 921 2503 sit
954 2462 1305 2512 condonaturus,
1340 2475 1565 2518 quaecun-

267 2534 359 2574 que
419 2518 565 2560 uerint
600 2517 843 2560 commissa.
901 2518 1075 2560 Possem
1114 2532 1217 2562 vero
1256 2525 1302 2560 et
1337 2517 1424 2559 alia
1458 2531 1565 2558 con-

267 2590 448 2631 gregare
469 2574 827 2631 quamplurima,
882 2582 1016 2631 alque
1053 2575 1136 2618 hoc
1174 2576 1269 2617 loco
1305 2587 1566 2631 proponere,
