1664 2950
229 175 309 214 190
765 172 840 215 lv.
899 179 966 219 82.

224 297 332 338 γους
370 281 688 338 παρασχέσθαι,
744 281 1009 339 ἐπαγωγούς,
1039 283 1174 341 ἧδεῖς,
1200 291 1392 344 γλυκεῖς,
1426 303 1517 344 τερ.-

223 348 382 402 πνούς,
410 348 753 404 κεχαρισμένους,
784 351 1070 406 δημοτερπεῖς,
1102 351 1379 410 ὀχλοτερπεῖς,
1404 354 1531 410 πρὸς-

222 414 385 472 ἡδονὴν
427 416 757 472 πεποιημένους,
803 415 914 470 πρὸς
969 420 1137 474 πλῆθος
1191 418 1511 478 ἡρμοσμένους,

222 481 503 538 ἐγκωμιάσαι,
552 483 794 534 ἐπαινέσαι,
842 487 1112 540 λαμπρῦναι,
1163 483 1510 546 ἄποφαιδρῦναι,

163 556 216 595 32
225 554 460 606 κοσμῆσαι,
502 554 728 606 συστῆναι,
760 552 991 607 γνωρίσαι,
1029 551 1337 612 ἐπευφημῆσαι.
1390 553 1539 599 *Kazfv

219 616 272 660 τοὶ
303 616 514 674 ὀνόματα,
546 616 783 673 ἐγκώμιον,
816 617 1002 669 ἔπαινος,
1031 623 1299 677 σεμνολογία,
1323 621 1513 678 λαμπρό-

218 700 314 740 της,
345 682 593 741 φαιδρότης,
621 682 798 736 κάλλος,
827 683 1137 741 καλλωπισμὸς,
1167 685 1378 741 σύστασις,
1406 705 1512 745 γνω-

220 750 398 807 ρισμὸς,
436 750 636 807 εὐφημία.
708 749 771 793 To}
804 751 851 794 δὲ
887 751 1078 801 ἐναντία,
1125 751 1266 805 ψέξαι,
1311 757 1509 806 κακίσαι,

218 819 443 874 αἰσχῦναι,
472 819 747 874 καθυβρίσαι,
777 820 1042 875 λοιδορῆσαι,
1071 820 1304 875 διαβαλεῖν,
1333 821 1511 878 ἐλέγξαι,

216 889 440 943 διασῦραι,
468 883 773 941 καταγελάσαι,
803 881 1026 940 χλευάσαι,
1056 885 1342 942 διαχλευάσαι,
1373 893 1509 946 φλαυ·
1520 892 1564 927 10

216 956 353 1009 ρίσαι,
387 953 460 997 καὶ
488 950 835 1007 α’ποφλαυρίσαι,
863 950 1080 1004 τωθάσαι,
1109 957 1253 1006 κακῶς
1280 955 1436 1010 εἰπεῖν,
1465 955 1509 1000 ὀ-

213 1023 416 1073 νειδίσαι,
457 1019 622 1070 ὄνειδος
650 1018 902 1075 ἐπενεγκεῖν,
931 1018 1316 1075 διαχλευάσασθαι,
1354 1024 1507 1078 φαυλί-

215 1099 307 1141 σαι,
335 1090 606 1147 κωμῳδῆσαι,
634 1084 802 1137 ὄνειδος
829 1088 1198 1142 προστρίψασθαι,
1228 1087 1409 1146 αἰσχύνῃ
1434 1105 1506 1134 πε·

152 1161 206 1201 33
216 1158 418 1212 ριβαλεῖν.
483 1154 610 1198 *Καὶ
635 1152 689 1196 τοὶ
720 1151 968 1209 πράγματα,
996 1152 1153 1209 ψόγος,
1193 1154 1395 1211 αἰσχύνη,
1431 1172 1504 1200 κα-

209 1221 390 1280 κισμὸς,
419 1221 568 1278 ὕβρις,
599 1222 783 1276 ἔλεγχος,
812 1218 1070 1276 χλευασμὸς,
1104 1221 1320 1278 λοιδορία,
1359 1224 1502 1278 διαβο-
1515 1219 1558 1254 1⁵

209 1289 261 1347 λή
275 1323 286 1343 ,
311 1291 572 1345 κακηγορία,
596 1286 859 1344 κατάγελως,
887 1284 1141 1343 ὀνειδισμὸς,
1171 1289 1393 1343 χλευασία,
1421 1305 1502 1332 κω-

207 1359 373 1416 μῳδία,
402 1354 639 1412 τωθασμός.
706 1353 793 1398 Καὶ
829 1350 936 1409 μέρη
963 1352 1040 1409 μὲν
1062 1357 1143 1397 τοῦ
1175 1353 1407 1411 ῥητορικοῦ
1433 1354 1502 1400 λό-

205 1440 311 1480 γου,
339 1425 595 1480 προοίμιον,
626 1420 840 1478 διήγησις,
875 1420 1031 1471 πίστις,
1061 1418 1296 1473 ἀπόδειξις»
1327 1421 1500 1478 ἔλεγχοι,

208 1492 531 1547 παραδείγματα
545 1521 557 1542 ,
607 1486 855 1544 ὁμοιώσεις,
892 1486 1160 1542 παραβολαὶ,
1202 1486 1498 1545 ἐνθυμήματα,

203 1557 496 1614 ἐγχειρήματα,
521 1554 835 1612 ἐπιχειρήματα,
857 1553 1106 1609 ὑπερβολαὶ,
1123 1551 1350 1607 δεινώσεις,
1367 1555 1554 1599 δεινο·ω

203 1628 358 1681 λογίαι,
395 1624 597 1680 φράσεις,
624 1621 872 1679 ἐκφράσεις,
903 1622 1212 1678 οἰκτρολογίαι,
1243 1621 1499 1679 παραδηλῶ-

202 1705 310 1746 σεις,
349 1689 668 1749 ὑποδηλῶσεις,
698 1689 918 1745 ἐπίλογοι.ν
1493 1719 1497 1723 .

140 1826 196 1867 34
486 1810 1199 1857 *ΚΕΦΛΛΑῙΟΝΔ.

374 1937 484 1994 Περὶ
513 1936 692 1980 ἐπαίνου
741 1931 922 1992 ῥήτορος
953 1930 1028 1975 καὶ
1054 1931 1326 1987 δημαγωγοῦ.

295 2025 502 2076 Ἐπαινος
530 2025 575 2068 δὲ
605 2021 788 2080 ῥήτορος
814 2020 887 2065 καὶ
913 2022 1190 2076 δημαγωγοῦ,
1219 2017 1387 2072 εὔνους,
1422 2023 1544 2078 ‹po-25

196 2091 399 2149 λολόγος,
432 2091 680 2148 φιλόπολις,
718 2087 976 2146 φιλόδημος,
1014 2084 1260 2142 δημοτικὸς,
1294 2086 1489 2143 νομικὸς,

195 2160 458 2217 προστάτης,
486 2163 574 2203 τῶν
603 2156 763 2212 νόμων,
799 2154 940 2211 φύλαξ
966 2157 1040 2210 τῆς
1068 2152 1334 2208 ἐλευθερίας,
1371 2151 1490 2210 νόμι-

194 2245 300 2286 μος,
338 2223 675 2284 δημοκρατικὸς,
714 2221 883 2273 πιστὸς,
927 2219 1484 2276 ἆξιόπιστος,ᾼσυμφέρων,

194 2295 428 2353 ὠφέλιμος,
456 2291 690 2350 χρήσιμος,
720 2289 925 2346 πόριμος,
966 2286 1194 2342 ποριστὴς,
1231 2283 1488 2342 προαγωγὸς

192 2367 275 2407 τοῦ
302 2361 465 2419 δήμου,
498 2362 752 2415 προστατῶν
777 2361 865 2400 τῶν
895 2354 1062 2412 νόμων,
1090 2352 1236 2410 φύλαξ
1269 2354 1344 2408 τῆς
1371 2351 1539 2396 ἕλευ-30

191 2432 350 2485 θερίας,
379 2425 723 2484 προαγωνιστὴς,
754 2424 943 2479 ἄδωρος,
974 2418 1322 2477 ἀδωροδόκητος,
1349 2417 1484 2472 ἄπρα-

114 2528 122 2538 .
189 2514 287 2551 τος,
330 2494 629 2551 ἀδιάφθορος,
669 2492 857 2548 συνέχων
893 2487 972 2546 τήν
995 2489 1235 2540 πολιτείαν,
1273 2487 1486 2539 σωνδὲωνς

191 2562 530 2622 συμφυλάττων,
559 2562 724 2616 τηρῶν,
761 2560 1000 2614 διατηρῶν,
1042 2552 1291 2612 φυλάττων,
1324 2553 1479 2607 διαφυ-

189 2631 377 2686 λάττων,
416 2626 704 2687 δημοκράτης,
745 2621 1072 2682 συναγωνιστής.
1113 2621 1190 2668 καὶ
1228 2617 1284 2666 τὰ
1307 2617 1478 2676 ῥήματα
