1664 2950
226 90 309 133 152
774 86 861 128 ΙΙΙ.
900 90 985 133 154.

231 196 469 255 διάφορος,
496 195 742 256 ἀλλότριος,
799 196 1034 253 ἀλλοτρίως
1075 197 1206 255 ἔχων,
1228 193 1529 254 ἠλλοτριωμέ-

233 281 330 319 νος,
397 264 586 321 ἀπεχθὴς
602 296 615 316 ,
680 263 1050 322 ἀπεχθανόμενος,
1112 263 1314 321 ἀπεχθῶς
1377 263 1530 307 διακεί-

174 326 386 390 64μενος,
430 334 596 389 μισῶν,
658 330 920 389 *δυσμενὴμ
970 331 1312 389 διενηνεγμένος,
1371 332 1530 387 διεστη-

235 399 346 449 κώς,
376 397 767 455 ἐξεστασιασμένος,
795 397 999 451 ὑπόπτως
1026 398 1147 456 ἔχων,
1178 397 1434 455 ἐπιβούλως,
1459 413 1531 440 κα-

238 465 437 522 κοήθως,
468 463 684 518 ἀπίστως,
724 465 996 522 ἐθελέχθρως.
1038 466 1294 523 ἑθέλεχθρον
1320 466 1389 518 δὲ,
1423 466 1559 521 Κρα-5

238 538 358 585 τῖνος
383 533 508 590 λέγει.
538 532 710 589 ἄφιλος,
740 531 1046 591 ἀπρόσμικτος,
1075 532 1328 590 δύσμικτος,
1356 531 1536 588 μισέται-

243 616 350 656 ρος,
379 599 711 658 μισάνθρωπος,
739 601 1047 658 ἀπάνθρωπος.
1086 601 1160 645 καὶ
1188 597 1427 656 ἀγνωσίαν,
1463 597 1539 655 ἀή-

245 672 395 721 θειαν,
439 668 623 725 ἔχθραν,
669 667 972 724 ἀλλοτρίωσιν“,
1006 667 1250 725 διαφορὰν,
1288 664 1538 723 ἀπέχθειαν,

247 739 392 791 μῖσος,
437 735 716 793 δυσμένειαν,
754 735 975 790 ἀπιστίαν,
1019 735 1239 788 ὑποψίαν,
1283 732 1541 790 ἐπιβουλὴν,

246 800 533 861 κακοήθειαν,
575 804 883 860 μισεταιρείαν,
921 802 1264 860 ἀπανθρωπίαν,
1300 805 1543 858 μισανθρω-
1554 813 1598 847 10

249 870 366 913 πίαν.
1283 891 1286 894 >

194 995 252 1069 65
544 992 1252 1044 *KEQAAAloNcC

461 1118 579 1173 ’Περὶ
617 1117 884 1174 φιλοπόλεως
932 1119 1005 1162 καὶ
1043 1116 1340 1179 μισοπόλεως.ο

351 1206 618 1258 1’Φιλόπολις
637 1208 683 1251 δὲ
711 1208 843 1262 ἐρεῖς,
882 1208 956 1252 καὶ
993 1205 1260 1263 φιλόδημος,
1300 1201 1551 1261 δημοτικὰς,

261 1273 424 1329 πρᾷος,
456 1273 636 1331 ἐπιεκής.
667 1274 802 1327 εὔνως
830 1275 937 1331 ἔχων
963 1274 1074 1330 πρὸς
1101 1273 1180 1331 τήν
1205 1271 1355 1325 πόλιν,
1389 1268 1554 1329 προθύ-
1566 1276 1615 1327 15,

265 1354 354 1394 μως
381 1341 481 1396 περὶ
507 1341 585 1398 τὴν
613 1341 753 1386 πόλιν.
794 1340 1039 1398 φιλότιμος,
1081 1337 1444 1399 μεγαλογνῶμων,
1487 1338 1558 1394 δη·

264 1406 499 1464 μεραστὴς,
529 1409 855 1466 μεγαλοπρεπής
885 1408 993 1465 πρὸς
1019 1408 1069 1453 vd
1103 1407 1322 1465 δημόσιον.
1351 1405 1424 1450 καὶ
1449 1399 1559 1462 ἦθος

267 1471 496 1529 φιλόπολι,
526 1476 782 1534 φιλόδημον,
811 1476 1056 1533 δημοτικὸν,
1083 1481 1246 1534 πρᾷον,
1276 1473 1465 1526 ἐπιεικὲς,
1495 1470 1560 1516 εὔ·

262 1557 389 1595 vemt,
418 1543 664 1600 πρόθυμον,
695 1543 934 1601 φιλότιμον,
965 1541 1291 1602 μεγαλοπρεπές.
1328 1540 1406 1586 καὶ
1441 1541 1563 1596 δημε-

271 1612 444 1664 ραστία,
475 1614 734 1669 φιλοδημία,
762 1610 974 1669 πρᾳότης,
1007 1611 1229 1664 ἐπιείκεια,
1258 1608 1408 1655 εὔνοια
1416 1638 1430 1661 ,
1460 1613 1619 1664 προ-20

212 1679 430 1733 66θυμία,
477 1682 716 1737 φιλοτιμία,
760 1679 1114 1736 μεγαλοπρέπεια.
1162 1677 1268 1722 *καὶ
1315 1677 1567 1732 δημοτικῶς,

272 1743 442 1801 πρᾴως,
471 1745 687 1800 ἐπιεικῶς,
714 1744 978 1802 προθύμως,
1014 1746 1273 1801 φιλοτίμως,
1301 1740 1566 1799 φιλοδήμως,

275 1817 627 1869 μεγαλοπρεπῶς,
657 1812 803 1866 εὔνως.
831 1811 885 1856 τά
914 1812 959 1857 δὲ
987 1812 1181 1862 ἐναντία,
1218 1808 1467 1866 μισόπολις,
1504 1826 1569 1865 μι-
1624 1837 1626 1839 »

277 1877 476 1935 σόδημος,
504 1879 761 1936 ὑπερόπτης,
789 1879 1072 1936 μεγάλαυχος,
1100 1875 1392 1934 ὑπερήφανος,
1418 1892 1589 1932 τυραν-,

279 1944 418 1998 νικὸς,
454 1945 739 2002 ὀλιγαρχικὸς,
768 1945 1080 2002 μικροπρεπὴς,
1109 1943 1317 1997 δύσνους,
1344 1943 1625 1999 κακόνους,25

281 2013 568 2070 νεωτεριστὴς,
596 2014 815 2069 νεωτέρων
836 2014 1068 2070 ἐπιθυμῶν.
1099 2011 1439 2068 ἠλλοτριωμένος
1465 2010 1574 2066 πρὸς

281 2079 362 2136 τήν
388 2079 527 2133 πόλιν,
555 2079 609 2125 οὐ
636 2083 797 2137 χαίρων
823 2085 916 2132 τοῖς
942 2078 1265 2136 καθεστηκόσιν,
1294 2079 1376 2124 οὐκ
1395 2079 1575 2136 ἀγαπῶν

284 2146 338 2191 τὰ
373 2149 494 2200 ἰ’σον,
539 2148 759 2193 διαπτύων
803 2145 906 2199 τούς
953 2147 1163 2202 πολλούς,
1210 2146 1469 2205 καθάρματα
1502 2148 1577 2193 καὶ

286 2215 482 2272 πτωχοὺς
511 2215 756 2260 ἀποκαλῶν.

229 2349 283 2390 67
473 2339 614 2393 *Περὶ
640 2341 722 2382 τοῦ
750 2340 1025 2390 δαπανῶντος
1053 2340 1111 2390 εἷς
1137 2337 1192 2382 τὰ
1220 2337 1412 2395 δημόσια.

402 2418 558 2469 Εἴποις
586 2416 622 2462 6³
651 2417 717 2469 ἀν,
746 2417 948 2474 χορηγὸς,
978 2416 1254 2473 τριήραρχος,
1283 2419 1423 2473 φυλῆς
1450 2414 1582 2460 ἑστιά-

293 2499 405 2539 τωρ,
442 2484 520 2540 τὴν
549 2485 690 2541 φυλὴν
718 2485 880 2538 ἑστιῶν,
909 2487 1166 2540 κρεανομίας
1193 2482 1410 2541 ἐπινέμων.
1441 2485 1582 2526 διανο-

296 2551 377 2607 μάς
404 2551 573 2604 διδοὺς,
601 2553 758 2609 νομάς,
791 2551 1007 2607 εἰσφοράς,
1039 2550 1315 2603 συνεκδιδούς
1341 2562 1425 2595 τισι
1451 2555 1584 2606 θυγα-

1588 2355 1634 2392 30
