1664 2950
254 140 309 186 84
546 139 780 180 TIBERH
822 135 1256 180 HEMSTERHUIS

257 249 475 301 diffiteor,
517 243 618 292 meo
641 249 805 307 aliquid
833 250 1035 308 arrogavi
1066 250 1241 303 iudicio,
1270 258 1315 293 et
1335 249 1412 293 ubi
1429 249 1553 294 cudi-'-

258 322 329 350 ces
347 306 625 348 dissentirent
643 322 739 348 eam
766 309 939 364 reposui
962 307 1206 360 lectionem,
1235 320 1349 364 quae
1366 306 1556 348 vatidioa-

258 363 382 408 ribus
408 378 433 403 a
473 375 546 404 me
570 368 739 418 poterat
769 363 1036 417 argumentis
1066 362 1342 406 confirmari:
1373 362 1554 418 contigit

261 420 392 462 etiam
423 432 514 460 non
534 431 662 470 raro,
699 424 751 459 ut
767 425 967 461 veterum
982 419 1200 462 *librorum
1221 420 1443 477 scriptura
1463 433 1554 460 nou

259 476 405 518 minus
427 473 623 530 scrupuli
651 474 895 517 contineret
919 488 970 516 ac
995 474 1213 530 caliginis.
1243 489 1373 531 quam
1396 474 1553 516 editio-

259 539 371 573 num
397 531 576 586 vulgata
602 529 754 572 lectio:
802 531 934 573 satius
975 538 1125 573 tamen
1163 529 1399 573 arbitratus
1436 543 1552 580 sum,

260 588 381 630 hunc
417 585 632 628 honorem
668 584 794 631 MSS.
831 584 1009 638 haberi,
1057 594 1106 628 ut
1137 601 1291 629 eorum
1323 585 1555 629 lectiore—

260 652 410 699 ceptae
427 650 790 700 anteponeretur:
819 657 955 701 porro
966 643 1032 684 'sic
1056 657 1186 700 saepe
1204 641 1287 685 fuit
1303 650 1553 699 comparata

261 700 545 754 vulgatorum
573 698 812 756 scriptura,
841 707 893 741 ut
918 696 1092 741 nultum
1116 697 1290 754 quidem
1313 697 1458 740 sensui
1482 697 1554 739 fa*

261 761 382 796 ceret
404 753 734 802 detrimentum,
763 755 837 796 sed
863 755 1003 797 multo
1031 756 1177 796 tamen
1198 753 1344 796 minus
1372 753 1554 796 haberet

263 808 501 866 elegantiae
517 817 558 851 et
574 809 974 867 splendoris,quam
994 811 1192 853 codicum
1213 817 1380 852 vetusta
1400 809 1551 851 tectim

261 875 358 908 tum
393 863 495 922 quid
526 865 689 908 factum
722 866 887 919 decuit,
927 867 1021 925 ipsa
1050 865 1116 908 rei
1145 871 1306 908 natura
1330 865 1552 921 loquitur:

261 923 423 964 horum
457 929 607 964 autem
635 921 835 966 omnium
862 922 936 965 hic
965 930 1066 980 apte
1095 921 1207 964 ratio
1240 922 1366 963 reddi
1385 921 1553 979 nequit,

262 977 378 1034 quod
419 976 602 1034 singulis
636 978 679 1020 id
710 979 812 1022 locis
853 977 1143 1036 opportunius
1180 976 1239 1019 sit
1277 975 1466 1020 factum:
1499 975 1554 1018 de

260 1033 524 1077 MSStorum
560 1040 706 1076 autem
736 1048 822 1077 usu
855 1035 916 1078 sic
942 1033 1146 1090 equidem
1175 1033 1339 1087 sentio,
1373 1031 1555 1075 inanem

261 1099 354 1132 esse
388 1097 433 1131 et
468 1104 636 1132 vanum
668 1103 844 1133 omnem
871 1104 942 1132 eos
973 1089 1265 1146 componendi
1299 1101 1397 1131 cum
1426 1088 1554 1130 editis

262 1144 584 1202 exemplaribus
603 1144 813 1194 laborem,
842 1146 923 1189 nisi
942 1144 1112 1189 fructus
1132 1144 1188 1187 ad
1207 1144 1322 1203 ipsos
1350 1151 1553 1187 auctores

257 1201 362 1244 hinc
394 1201 638 1254 derivetur,
688 1211 731 1246 et
770 1209 986 1260 spectatae
1019 1201 1227 1244 bonitatis
1263 1200 1473 1243 lectiones
1506 1200 1552 1241 in

261 1261 432 1299 textum
452 1263 745 1316 rep0nantur:
776 1257 878 1314 quid
899 1258 1013 1300 enim
1034 1255 1208 1309 attinet,
1236 1257 1279 1299 in
1308 1257 1425 1299 notis
1448 1264 1554 1298 tan-

259 1314 491 1355 tummodo
522 1312 824 1370 probissimam
853 1314 1118 1357 Msstorum
1158 1312 1330 1355 occludi
1364 1312 1553 1370 scriptu-

256 1382 372 1418 ram,
399 1377 448 1411 ut
464 1370 629 1411 scilicet
648 1370 886 1412 identidem
911 1367 1172 1426 ingeminari
1189 1369 1323 1426 possit
1339 1381 1434 1410 eam
1459 1381 1551 1409 esse

258 1424 538 1480 vulgatorum
574 1434 825 1485 corruptam
863 1426 1123 1477 lectionem,
1166 1425 1370 1467 codicum
1401 1432 1551 1466 autem

256 1481 374 1523 hanc
394 1481 638 1535 meliorem,
668 1490 711 1524 et
734 1483 967 1539 spatiolum
987 1479 1259 1524 immerentis
1280 1479 1455 1523 chartae
1470 1495 1553 1537 pe-

256 1538 346 1579 rire
365 1536 505 1579 dicam
524 1552 603 1579 seu
625 1538 815 1595 repleri?
846 1536 956 1580 mihi
978 1537 1150 1594 quidem
1181 1534 1283 1578 satis
1307 1550 1400 1577 esse
1427 1535 1552 1577 vide-

256 1592 408 1645 batur,
438 1593 475 1634 si
499 1593 634 1636 semel
658 1609 709 1636 ea
736 1593 791 1635 de
811 1608 860 1636 re
878 1592 1046 1652 primus
1072 1591 1255 1635 alicuius
1271 1590 1458 1634 auctoris
1477 1605 1551 1633 re-

256 1648 394 1690 stituti
413 1647 555 1691 editor
570 1652 689 1691 recte
705 1649 968 1692 monuisset:
999 1649 1075 1691 sed
1107 1649 1217 1690 bene
1234 1654 1312 1699 est,
1342 1647 1458 1690 viros
1474 1662 1551 1689 ae·-

257 1705 357 1745 tatis
378 1712 556 1746 nostrae
584 1705 888 1747 celeberrimos
921 1704 1129 1761 exemplo
1156 1703 1317 1746 salubri
1336 1701 1451 1745 hanc
1465 1702 1549 1745 sibi

258 1759 465 1802 sumsisse
497 1760 747 1802 libertatem
786 1775 862 1802 seu
886 1760 1034 1818 potius
1063 1759 1352 1801 necessariam
1379 1767 1547 1810 curam,

255 1823 308 1856 ut
335 1829 493 1872 pravos
522 1814 744 1857 editorum
774 1815 974 1858 codicum
1011 1829 1182 1857 errores
1213 1812 1426 1856 inducant
1448 1814 1548 1856 suf-⁴

251 1870 368 1914 fecta
393 1870 666 1913 veteriorum
690 1871 884 1915 lectione.
944 1871 1210 1929 Quanquam
1231 1884 1337 1912 vero
1365 1884 1546 1913 omnem

253 1925 392 1970 animi
410 1926 683 1983 diligentiam
703 1935 746 1969 et
763 1927 1066 1984 cogitationem
1086 1926 1140 1968 ad
1153 1925 1376 1969 Pollucem
1398 1937 1545 1969 emen-

253 1982 449 2025 dandum
477 1983 764 2032 contulerim,
813 1998 904 2025 non
929 1982 975 2025 id
1004 1989 1152 2024 tamen
1180 1994 1306 2025 ame
1331 1983 1548 2040 praestari

249 2038 409 2095 potuit,
429 2046 477 2080 ut
497 2046 647 2082 omnes
665 2038 816 2082 eadem
837 2052 971 2095 opera
989 2036 1174 2081 mendae
1190 2053 1247 2080 ex
1282 2038 1547 2082 ellerenturz'

252 2100 317 2136 est
339 2094 470 2146 enim,
493 2094 568 2136 ubi
588 2110 667 2136 nos
685 2094 1082 2153 manuscriptorum
1098 2093 1254 2136 destitu
1275 2101 1291 2135 t
1310 2093 1545 2148 auxilium‚'

250 2151 425 2206 quando
445 2150 574 2202 vel‚si
594 2165 706 2204 quae
725 2154 990 2204 occurreret,
1001 2149 1377 2192 verosimillimam
1395 2148 1541 2193 lectio-

249 2219 348 2247 nem
389 2214 432 2248 et
470 2205 734 2261 ingeniosius
773 2205 1065 2263 excogitatam
1105 2205 1152 2247 in
1187 2213 1355 2248 textum
1397 2205 1540 2257 intuli,

247 2262 364 2318 quod
388 2277 566 2318 perraro
584 2262 763 2310 sactum,
793 2263 863 2305 vel
882 2270 1077 2304 veterem
1100 2260 1330 2304 immotam
1358 2261 1538 2318 reliqui:

245 2318 563 2374 nonnunquam
580 2328 682 2361 vero
700 2318 792 2376 ipsa
811 2317 1073 2362 MSSto'rum
1094 2316 1236 2368 lectio,
1249 2329 1385 2373 quam
1405 2317 1538 2360 modo

244 2388 333 2415 non
359 2388 447 2415 sem
485 2388 533 2415 er
556 2374 823 2429 sequendam
850 2374 959 2417 mihi
985 2373 1374 2431 praescripseram,
1403 2386 1539 2415 mon-

245 2429 324 2470 stri
358 2389 480 2484 quid³
492 2430 632 2472 alebat
642 2463 655 2482 ‚
694 2431 810 2483 quod
833 2446 859 2473 a
879 2437 1029 2472 nostro
1050 2428 1228 2485 quidem
1244 2427 1423 2486 ‘ingenio
1443 2436 1537 2470 non

244 2492 416 2541 poterat
443 2486 625 2541 expiari.
691 2486 758 2529 Ne
786 2501 894 2528 vero
923 2485 1047 2528 fucus
1072 2486 1225 2527 lectori
1247 2484 1343 2527 fieri
1406 2492 1535 2533 osset,

243 2542 605 2598 exploratumque
635 2541 895 2591 haberetur,
945 2542 1049 2598 quid
1080 2555 1168 2596 quo
1194 2541 1291 2583 loco
1316 2555 1340 2582 e
1419 2538 1535 2582 SStis

244 2602 353 2638 esset
382 2595 627 2651 reductum,
656 2597 828 2641 additae
850 2606 954 2642 sunt
969 2606 1118 2649 notae,
1148 2611 1261 2653 quae
1275 2603 1442 2640 mutata
1457 2595 1530 2638 vel

1661 2654 1664 2763 ἰ
