1664 2950
266 91 345 133 162
810 83 889 127 m·
947 89 1014 132 98.

265 200 514 255 περιχαρία,
551 198 600 242 τὸ
640 198 828 255 ἀμέτρως
863 199 1022 255 χαίρειν
1061 200 1194 257 δηλοῖ.
1236 202 1424 259 χαίρειν,
1461 201 1551 260 ἥδε-

266 272 393 318 σθαι,
422 265 763 322 φαιδρύνεσθαι,
793 264 1018 322 εὐθυμεῖν,
1046 266 1350 324 εὐθυμεῖσθαι,
1380 267 1552 327 εὐφραί-

265 338 432 384 νεσθαι,
461 330 701 388 εὕσθενεῖν,
728 330 931 386 θάλλειν,
944 329 1185 389 τέρπεσθαι,
1215 334 1463 390 ἀπολαύειν,
1487 353 1551 393 γε·

264 399 457 457 γηθέναι.
506 397 666 443 τούτου
695 399 741 443 δὲ
769 398 1020 484 τὸ’πρᾶγμα
1049 401 1130 447 οὐκ
1157 403 1286 458 ἔστιν,
1310 404 1453 460 ὥσπερ
1480 402 1553 449 οὐ·

266 467 313 512 δε
339 470 421 510 τοῦ
446 464 707 522 γάννυσθαι.
744 468 818 512 καὶ
855 466 906 511 τὰ
934 467 1222 526 ἐπιρρήματα,
1256 486 1468 529 τερπνως,
1508 469 1579 527 ἡ-5

205 533 378 587 98δέως
388 534 610 591 ,φαιδρῶς
646 533 698 578 τά
735 550 818 591 γαρ
847 534 895 578 ἐκ
921 537 1008 579 τῶν
1054 533 1194 580 ἄλλων
1228 535 1410 594 πονηρά
1451 540 1554 592 *με-

252 603 387 660 τοχαὶ
415 601 475 655 δε,
502 601 681 658 τέρπων.
710 600 817 646 ἀλλά
846 601 918 645 καὶ
947 601 1103 656 ἔτερψε.
1131 602 1180 647 τό
1207 603 1291 662 γὰρ
1319 604 1448 662 ἥδων,
1475 603 1555 646 Ἰω-

266 670 405 715 νικόν.
432 670 506 715 καὶ
532 667 582 712 τὸ
610 663 698 726 ᾖδε,
726 668 909 712 σπάνιον
943 668 1020 725 μὲν
1046 669 1152 727 παρ’
1179 671 1295 728 ἡμῖν,
1319 670 1555 754 Ανακρέων

268 737 311 783 δ’
332 736 457 797 ἀὐτὰ
479 734 656 793 εἴρηκεν,
672 735 789 788 Ἴων,
818 735 889 780 καὶ
915 735 1092 793 ποιητὴς
1111 735 1229 796 ἀνήρ.
1259 737 1366 783 ἀλλὰ
1392 738 1466 782 καὶ
1489 736 1555 782 εὕ-

269 808 482 863 φραίνων,
507 805 580 849 καὶ
608 803 820 860 εὕφρανε,
871 803 946 846 καὶ
972 805 1154 860 χαίρων,
1189 805 1420 863 ἡδόμενος,
1458 820 1554 861 φαι-
1566 816 1609 851 10

269 871 559 930 δρυνόμενος,
589 869 935 928 εὐθυμούμενος,
969 869 1326 928 εὐφραινόμενος,
1350 870 1556 929 γεγηθώς,

268 939 546 998 γαννύμενος.
574 937 708 983 καλὸν
737 938 783 982 δὲ
808 937 858 982 τὸ
889 937 1026 995 ὄνομα
1064 937 1151 983 ἀπὸ
1177 939 1364 991 τούτων,
1402 937 1452 982 τὸ
1477 943 1555 982 θυ-

270 1011 414 1065 μῆρες.
443 1008 546 1058 ἴσως
583 1004 625 1050 δ’
657 1005 712 1050 ἂν
751 1003 897 1057 αὐτοῖς
932 1010 1154 1063 προσῆκον
1179 1008 1253 1051 καὶ
1302 1004 1352 1051 τὸ
1392 1005 1556 1057 ἄλυπος

270 1075 346 1118 καὶ
371 1073 554 1125 ἀλύπως.
614 1071 797 1116 Πλάτων
833 1073 880 1116 δὲ
913 1073 985 1116 καὶ
1013 1071 1062 1116 τό
1097 1071 1312 1131 α’λύπητος
1338 1074 1441 1130 ἔφη,
1475 1072 1556 1117 ὦσέ

272 1157 351 1199 περ
379 1142 452 1185 καὶ
479 1143 728 1196 Σοφοκλῆς,
758 1138 987 1196 ἀλύπητον.
1015 1139 1164 1196 Λύπη,
1193 1134 1313 1193 ἀνία,
1345 1138 1551 1196 ἀλγηδών,
1566 1151 1608 1187 15

274 1208 454 1266 ἀθυμία,
484 1208 721 1262 δυσθυμία,
749 1209 1027 1264 βαρυθυμία,
1056 1204 1269 1263 ἀχθηδὼν,
1299 1206 1406 1264 ἄση,
1434 1207 1552 1258 ἄλυς,

273 1275 495 1333 κατήφεια.
532 1274 560 1331 ἡ
603 1273 686 1330 γὰρ
726 1276 988 1328 περιωδυνία
1034 1273 1281 1332 ὑπερβολήν
1318 1271 1476 1331 ὀδύνης
1512 1272 1557 1318 ἀ-

275 1343 432 1401 μέτρου
468 1343 692 1399 ἐμφανίζει.
737 1341 810 1385 καὶ
845 1345 1094 1394 λυπεῖσθαι,
1123 1340 1359 1395 vivariam»,
1398 1340 1557 1398 ἀλγεῖν,
1611 1339 1615 1343 ’

282 1410 485 1468 ἀθυμεῖν,
515 1411 770 1465 δυσθυμεῖν,
812 1411 1101 1464 βαρυθυμεῖν,
1135 1409 1361 1466 ἄχθεσθαι,
1397 1407 1558 1462 ἀλύειν,

217 1477 270 1518 99
279 1478 481 1523 ἄσασθαι.
508 1477 607 1520 *καὶ
635 1479 848 1532 λυπηρῶς,
873 1474 1089 1532 ἀλγεινῶς,
1108 1472 1316 1532 ἀνιαρῶς,
1345 1476 1609 1533 ἐπαλγῶς,ςο

276 1546 478 1603 ἀθύμως,
509 1541 753 1598 δυσθύμως.
781 1542 1049 1599 βαρυθύμως
1091 1543 1137 1587 δὲ
1171 1542 1252 1589 οὐκ
1280 1545 1403 1600 ἐρεῖς,
1433 1542 1558 1601 ἀχθη-

277 1617 365 1671 ρῶς
412 1613 458 1657 δὲ
493 1611 567 1656 καὶ
594 1609 774 1667 ἀσηρῶς.
811 1611 918 1668 ἐρεῖς
950 1610 996 1654 δὲ
1025 1608 1094 1654 ἐπ’
1122 1610 1249 1669 ἄλλης
1274 1612 1436 1668 χρείας,
1475 1609 1559 1655 πά-

274 1687 370 1734 θος,
399 1680 584 1730 πένθος,
613 1679 839 1734 δυστυχία,
880 1676 1106 1733 συμφορά,
1135 1679 1398 1733 δυσποτμία,
1423 1693 1558 1722 ’κακο-

276 1746 499 1804 δαιμονία,
529 1747 793 1801 δυσπραγία,
821 1746 1103 1799 κακοπραγία,
1133 1744 1206 1787 καὶ
1231 1743 1284 1787 τά
1311 1742 1451 1799 ὅμοια.
1481 1759 1558 1787 πα-

275 1819 386 1865 θεῖν,
417 1818 604 1863 πενθεῖν,
633 1813 864 1867 δυστυχεῖν,
893 1808 1071 1866 ἀτυχεῖν.
1105 1811 1369 1867 Θουκυδίδης
1411 1811 1457 1855 δὲ
1484 1812 1611 1864 καῖρε

273 1885 534 1936 κακοτυχεῖν.
564 1878 632 1922 ἐπὶ
660 1882 890 1934 συμφορᾶς
919 1876 1045 1929 εἶναι,
1076 1880 1282 1933 συμφορᾷ
1308 1885 1558 1934 περιπεσεῖν,

275 1950 586 2002 κακοπραγεῖν,
616 1945 688 1988 καὶ
716 1948 928 1996 πενθικῶς
955 1942 1164 1998 πράττειν.
1193 1945 1431 2000 δυστυχῶς,
1460 1945 1558 1990 ἀτυ-

274 2018 367 2070 χῶς,
396 2011 658 2067 δυσπότμως.
676 2010 793 2054 Ἔστι
811 2010 857 2054 δὲ
873 2011 1016 2066 χρείας
1034 2009 1175 2066 ἄλλης,
1211 2011 1427 2067 δακρύειν,
1459 2011 1558 2056 ἀνα-

282 2081 465 2133 κλαίειν,
502 2077 777 2134 ἀποθρηνεῖν,
817 2079 1093 2130 οἷκτίζεσθαι,
1132 2075 1452 2132 ὀλοφύρεσθαι,
1487 2095 1557 2123 κα-

190 2147 564 2203 10οτοδύρεσθαι,
593 2144 775 2196 κλαίειν,
806 2143 1104 2200 ἀποδακρύειν.
1135 2145 1373 2204 *Ξενοφῶν
1400 2146 1460 2200 δὲ,
1486 2162 1556 2202 γο-
1565 2165 1612 2201 80

277 2216 417 2272 ωμένη
427 2229 513 2257 που
523 2212 633 2268 λέγει
643 2210 984 2267 ποιητικώτερον.
999 2216 1362 2268 παραμυθεῖσθαι,
1373 2226 1558 2268 παρηγο-

274 2286 378 2337 ρεῖν,
394 2283 741 2336 παρηγορεῖσθαι,
753 2277 1053 2335 ἐπικουφίζειν,
1068 2278 1388 2336 ἐπελαφρύνειν,
1401 2277 1556 2335 ἀναφέ-

275 2364 380 2405 ρειν,
405 2346 637 2398 ἀνιστάναι,
661 2346 898 2401 ἐπεγείρειν,
921 2351 1155 2399 νουθετεῖν,
1187 2345 1555 2402 ἐπανορθοῦσθαι,

273 2415 560 2478 σωφρονίζειν.
578 2414 846 2469 παραμυθία,
867 2412 1160 2468 παραμύθιον,
1184 2413 1438 2469 παρηγορία,
1458 2429 1556 2457 κου-

272 2480 442 2538 φισμός.
489 2482 560 2524 καὶ
601 2477 719 2534 παρὰ
764 2481 1032 2535 Θουκυδίδῃ,
1069 2479 1297 2537 κου’φισις,
1336 2481 1556 2537 νουθεσία,

271 2547 583 2606 σωφρονισμός.
614 2548 719 2594 ἐπαι
721 2545 928 2603 όρθωσις,
973 2546 1216 2605 παραψυχή.
1245 2544 1327 2604 ἀφ’
1357 2540 1411 2591 οὗ
1440 2546 1554 2604 ρῆμα
