1664 2950
281 115 337 156 82
835 111 871 152 Ι.
931 117 1023 157 106.

283 222 623 279 καταβαίνοντος
657 221 704 265 ἐκ
728 224 808 279 γῆς
833 226 914 266 τοῦ
940 222 1206 281 πνεύματος,
1245 222 1471 277 κατιόντος
1492 228 1582 269 ’τοῦ

197 297 277 339 106
288 287 464 347 άνέμου.
514 293 536 316 *
549 289 595 334 ἐκ
612 288 810 347 πρύμνης
827 290 1127 345 ἐπιπνέοντος,
1153 291 1263 338 κατά
1283 290 1490 350 πρύμναν
1502 295 1584 336 τοῦ

281 358 528 414 πνεύματος
553 354 804 413 ἑστηκότος,
831 357 943 402 κατά
961 361 1049 403 τῶν
1065 357 1230 404 οἰάκων
1248 359 1436 416 ῥέοντος.
1483 357 1583 416 πλή-

282 443 348 481 ρει
363 429 424 483 τῷ
443 426 585 482 ἱστίῳ,
620 422 856 469 ύποπνέων
877 427 932 482 τῇ
954 423 1120 484 ὀθόνῃ,
1161 424 1306 485 ἀνέμῳ
1332 426 1582 484 κεκριμένῳ.

281 492 487 549 ἐπλέομεν
509 490 568 535 δι’
586 490 746 545 εὐδίας,
765 490 837 537 διὰ
854 490 1055 550 γαλήνης,
1077 494 1126 538 ἐν
1143 493 1336 553 θαλάττῃ
1361 497 1580 552 σταθηρᾷ,
1588 493 1611 530 ⁵

283 562 495 620 σταδιαίᾳ,
516 561 724 619 στασίμῳ,
752 560 845 618 λείᾳ
854 560 1062 618 θαλάττῃ,
1093 558 1295 618 άκύμονι,
1324 561 1587 620 α’πράγμονι,

281 629 485 688 νηνεμίας
504 627 658 685 ούσης,
693 627 900 680 πεσόντος
917 631 1000 672 τοῦ
1013 626 1273 685 πνεύματος,
1297 628 1496 686 εὐαερίας
1514 629 1587 675 οὔ-

283 710 372 756 σης,
391 695 621 754 εὐημερίας
639 695 784 754 οὔσης,
803 698 1077 752 ταχυπλοΐας.
1106 695 1477 780 ἐπιφριττούσης’
1450 697 1587 754 ηρέμα

283 770 360 823 τῆς
375 764 610 821 θαλάττης,
649 759 783 821 αὖραι
801 767 996 820 γλυκεῖαι
1025 765 1072 809 ἐν
1095 764 1364 810 Ἀλκυονίσιν
1389 765 1585 823 ἡμέραις-

197 837 308 878 107*
323 835 408 878 Καὶ
433 834 476 887 ἐξ
496 833 702 876 ἐναντίων
730 831 845 876 ἐστὶν
864 831 1134 889 ἑρμηνεύειν,
1170 831 1227 878 οὐ
1257 835 1430 878 τοιᾶσδε
1454 833 1587 891 οὔσης
1597 839 1642 873 10

282 907 357 960 τῆς
375 900 612 957 θαλάττης.
649 899 853 956 ἐπλέομεν
873 900 933 952 ὦς
954 899 1027 945 διὰ
1049 904 1251 958 ποταμοῦ
1277 900 1359 959 τὴν
1375 900 1588 959 ἐπιστολὴν

282 974 363 1016 τοῦ
381 970 560 1020 ὕδατος,
596 967 625 1024 ἢ
644 967 712 1011 ἐπὶ
728 967 842 1012 πολύ
861 973 942 1012 τοῦ
963 966 1174 1024 κύματος,
1210 968 1425 1026 διέφριττε
1443 967 1494 1013 τὰ
1517 968 1588 1013 πέ·

284 1043 429 1096 λαγος.
458 1036 664 1093 ἐπλέομεν
684 1034 825 1080 πάντα
846 1033 1147 1088 ἅνασείσαντες
1162 1036 1331 1089 κάλων,
1361 1036 1495 1081 ἅπασι
1514 1034 1588 1081 κά-

283 1112 399 1160 λοις,
428 1104 570 1150 πάντα
592 1101 761 1155 ἀνέντες
789 1101 843 1147 τὰ
866 1105 1000 1157 ἱστία,
1035 1107 1182 1148 πᾶσαν
1209 1102 1289 1161 τὴν
1316 1102 1486 1161 ὀθόνην
1513 1121 1587 1150 κα·

283 1174 454 1227 θέντες,
481 1172 657 1230 γέμοντι
677 1175 738 1228 τῷ
761 1172 902 1229 ἱστίῳ,
941 1169 1096 1229 πλήρει
1117 1174 1178 1228 τῷ
1200 1173 1335 1228 ἱστίῳ,
1372 1173 1509 1230 κοίλῳ
1525 1176 1588 1231 τῷ
1599 1176 1642 1212 15

285 1244 421 1299 ἱστίῳ,
451 1240 632 1298 ἀφέντες
663 1239 717 1283 τά
749 1241 863 1283 ἱστία
891 1242 954 1297 τῷ
976 1237 1214 1296 πνεύματι,
1242 1237 1375 1284 οὐδὲν
1399 1239 1590 1285 ὑποστεί-

284 1313 454 1361 λαντες,
483 1307 527 1360 ἐξ
546 1306 701 1363 οὐρίας
719 1305 925 1364 ἐπλέομεν
934 1341 953 1361 ,,
985 1307 1127 1351 πάντα
1150 1305 1357 1360 λύσαντες
1378 1306 1434 1352 τὰ
1460 1307 1587 1361 ἱστία,

285 1377 346 1429 εἰς
367 1374 501 1433 ἥμισυ
520 1373 787 1430 στειλάμενοι
805 1373 860 1418 τὰ
877 1375 1004 1428 ἱστία,
1032 1372 1138 1420 καθ’
1163 1374 1298 1432 ἥμισυ
1315 1373 1589 1420 α’ναστείλαν-

285 1459 375 1496 τες,
404 1439 511 1487 καθ’
528 1441 661 1498 ἥμισυ
684 1438 872 1495 ἀνέντες,
914 1440 1096 1499 ὑφέντες
1113 1458 1155 1487 τι
1175 1443 1477 1506 τῆςκεραίας,
1515 1459 1589 1488 κα-

282 1511 438 1563 θέντες
457 1508 599 1567 βραχύ
616 1512 695 1568 τῆς
717 1511 908 1567 κεραίας.
1597 1518 1644 1555 20

201 1640 281 1682 108
756 1635 959 1688 *Εὔδιος
974 1639 1121 1690 πλοῦς.

400 1714 462 1760 Τὸ
478 1714 525 1760 δὲ
547 1711 700 1760 εὐδίαν
735 1711 845 1760 εἶναι
879 1715 952 1759 καὶ
971 1709 1054 1760 ὦδε
1070 1713 1260 1772 σήμαινε.
1289 1712 1456 1772 ἰχθύων
1470 1711 1589 1770 θήρα

235 1791 241 1796 “
288 1779 363 1841 ἦν,
396 1782 564 1840 ἰχθύων
582 1780 777 1839 εὐαγρία,
807 1780 1003 1838 εὐθηρία,
1033 1779 1313 1826 α’σπαλιευταὶ
1329 1778 1588 1837 εἰργάζοντο,

286 1850 552 1907 κολυμβηταὶ
579 1847 908 1895 ἐπικατεδύοντο
922 1881 934 1902 ,
993 1847 1240 1906 ἐπετόλμων
1271 1851 1326 1906 τῇ
1369 1846 1587 1905 θαλάττῃ,

287 1917 442 1980 ἁλιέων
461 1912 519 1974 ἦν
534 1915 759 1973 εὐπραγία.
1597 1932 1644 1969 25

760 2038 871 2096 Περὶ
885 2037 1120 2090 κλύδωνος.

403 2119 467 2165 Τά
485 2119 532 2165 δὲ
552 2118 744 2171 ἐναντία,
774 2115 954 2175 χειμών,
983 2115 1181 2171 κλύδων,
1219 2117 1487 2171 κλυδώνιον,
1525 2115 1592 2172 ζά-

287 2192 361 2245 λη,
393 2187 620 2243 τρικυμία,
659 2186 854 2230 θάλαττα
870 2189 1066 2267 τραχεῖα,
1107 2187 1231 2242 κοίλη
1259 2186 1478 2240 θάλαττα,
1517 2185 1592 2229 καὶ

203 2273 282 2314 109
292 2255 612 2312 κοιλαινομένη,
641 2254 716 2299 καὶ
735 2252 1042 2310 τραχυνομένη.
1084 2255 1106 2281 *
1123 2254 1197 2297 καὶ
1218 2253 1243 2299 ὁ
1263 2253 1403 2311 πόρος
1419 2250 1592 2334 ἐτραχύ-

294 2339 416 2376 νετο,
446 2324 658 2380 κυματίας
685 2316 763 2379 ἦν,
802 2319 1049 2376 ἐκύμαινεν,
1089 2320 1370 2377 ἐκυματοῦτο.
1425 2320 1502 2366 καὶ
1515 2318 1647 2367 κύ-δο

289 2407 403 2448 ματα
420 2389 643 2446 κατέρῥει,
681 2388 953 2444 μετέπιπτεν,
981 2388 1222 2443 ἐνέπιπτεν,
1251 2387 1468 2446 ἧγρὶαινε,
1494 2402 1592 2444 φρι-
1654 2424 1656 2426 .

290 2457 433 2516 κῶδης
465 2452 522 2516 ἦν
555 2455 584 2514 ἡ
612 2454 836 2509 θάλασσα,
866 2454 1143 2513 ταραχώδης,
1174 2454 1514 2512 ἐπανιστάμενον
1540 2452 1590 2498 τὸ

291 2529 431 2583 κῦμα,
463 2521 802 2580 ἀνθιστάμενον,
833 2520 1146 2579 άνιστάμενον,
1184 2522 1318 2574 σάλος
1348 2521 1590 2580 αἰρόμενος,

291 2597 410 2651 κῦμα
446 2591 690 2649 ἱστάμενον,
731 2589 1025 2647 ἐγειρόμενον,
1065 2589 1436 2648 ὖποκινούμενον,
1488 2603 1591 2644 κυρ-
