1664 2950
244 152 324 194 176
489 200 494 204 ,
790 148 862 190 1x.
916 152 984 193 63.

245 260 337 310 σὶν,
365 257 413 302 ἐν
439 255 620 314 Κυρήνῃ
646 256 717 301 καὶ
742 255 1103 315 τετραστάτηρον,
1147 259 1224 304 καὶ
1251 259 1435 318 στατὴρ,
1462 262 1538 306 καὶ

241 325 555 383 ἡμιστάτηρον,
592 328 730 380 χρυσᾶ
765 326 1028 382 νομίσματα·
1068 329 1144 382 τῆς
1179 326 1227 372 δὲ
1265 328 1456 385 δραχμῆς
1487 328 1537 372 τὸ

244 395 398 450 ἥμισυ,
426 391 695 449 ἡμίδραχμον
720 396 930 436 καλεῖται·
967 394 1042 438 καὶ
1070 396 1215 451 τρίτον
1254 394 1538 452 ἡμίδραχμον,

247 463 293 504 αἱ
329 459 409 504 δύο
442 459 516 502 καὶ
551 458 682 515 ἥμισυ
714 461 913 517 δραχμαί.
959 459 1011 504 τὸ
1049 461 1094 504 δὲ
1128 460 1423 518 ἡμίδραχμον,
1464 462 1541 506 καὶ

245 526 486 583 τριώβολον
523 524 578 570 ἂν
613 530 776 578 καλοῖς.
833 529 877 572 οἱ
913 527 1059 584 μέντοι
1095 525 1206 572 ὀκτώ
1237 526 1389 586 ὀβολοὶ
1423 528 1568 586 ἡμὴ-5

244 610 351 639 κτον
366 592 663 649 -ὠνομάζοντο,
692 594 751 646 ὥς
780 607 913 652 φησιν
939 594 988 638 ἐν
1012 595 1158 652 Λαμίᾳ
1192 597 1386 653 Κράτης,
1426 596 1543 654 ἡμίε-

249 661 354 706 κτόν
381 661 469 704 ἐστι
494 665 673 718 χρυσοῦ,
702 660 940 718 μανθάνῃς,
973 658 1087 706 ὀκτώ
1112 660 1276 718 ὀβολοί.
1310 658 1367 720 ἦν
1393 664 1441 708 δὲ
1468 664 1543 708 καὶ

249 727 492 785 τριώβολον
524 730 599 772 καὶ
635 729 849 785 ὄιώβολον
885 730 975 786 εἴδη
1014 729 1291 785 νομισμάτων
1332 728 1541 776 Ἀττικῶν

187 795 329 840 63*τό
382 795 460 852 μὲν
494 794 707 852 διώβολον
745 795 1091 853 ἐντετυπωμένην
1137 798 1236 853 ἔχον
1267 801 1436 854 γλαῦκα
1470 798 1544 842 καὶ

247 865 295 910 ἐκ
327 862 517 918 θατέρου
552 862 790 919 πρόσωπον
826 861 956 914 Διός·
1006 863 1057 907 τὸ
1097 864 1143 908 δὲ
1190 863 1457 921 τετρώβολον
1491 863 1543 909 τὸ
1554 868 1598 902 10

249 932 328 989 μὲν
354 929 590 986 πρόσωπον
627 928 787 986 ὁμοίως
796 932 812 982 ,’
839 929 921 974 δύο
950 930 996 975 δὲ
1024 929 1103 982 τάς
1128 935 1331 987 γλαῦκας.
1358 929 1468 975 ἀλλὰ
1490 929 1542 976 τό

249 999 328 1056 μὲν
353 996 623 1054 τετρώβολον
660 997 734 1042 καὶ
759 996 1001 1053 τριώβολον
1038 998 1112 1042 καὶ
1139 998 1186 1042 ἐν
1212 1002 1266 1056 τῇ
1301 997 1448 1057 χρήσει
1482 999 1546 1043 τέ-

247 1079 428 1122 τριπται·
454 1065 504 1108 τὸ
535 1065 581 1108 δὲ
607 1063 824 1121 διώβολον
849 1063 906 1116 ὦς
925 1064 1158 1108 ἐπιτοπολύ
1183 1064 1360 1118 λύοντες
1383 1066 1546 1122 ἔλεγον,
1577 1073 1581 1076 ’

245 1134 311 1186 ώς
348 1131 653 1190 Δημοσθένης,
690 1129 787 1175 ἀλλ’
829 1131 877 1175 ἐν
918 1136 1015 1175 τοῖν
1050 1134 1178 1175 δυοῖν
1214 1131 1393 1190 ὀβολοῖν
1418 1131 1545 1178 ἐθεώ-

250 1218 363 1258 ρουν
391 1201 457 1251 ἄν,
489 1199 525 1242 εἰ
553 1197 610 1254 μὴ
637 1196 759 1242 τοῦτ’
790 1198 967 1256 ἐγράφη.
1018 1199 1106 1243 ἔστι
1133 1199 1179 1244 δὲ
1210 1200 1284 1244 καὶ
1307 1199 1359 1244 τὸ
1387 1198 1593 1257 διώβο-15

250 1274 330 1314 λον
357 1269 404 1312 ἐν
430 1267 717 1312 Αἰολοσίκωνι
752 1262 1112 1321 Ἀριστοφάνους,
1149 1266 1256 1323 ὅπερ
1282 1267 1439 1312 λοιπόν
1472 1265 1549 1324 μό-

193 1341 338 1385 64νον
363 1331 418 1392 ἦν
446 1335 493 1378 ἐν
517 1335 570 1389 τῇ
596 1330 772 1389 γνάθῳ,
811 1331 1027 1389 διώβολον
1060 1331 1232 1390 γένηταί
1265 1350 1354 1390 μοι.
1388 1332 1548 1389 *παρὰ

254 1404 400 1461 μέντοι
429 1398 670 1456 Θεοπόμπῳ
699 1398 746 1442 ἐν
777 1399 1060 1456 Στρατιώτισι
1089 1399 1163 1443 καὶ
1191 1397 1243 1444 τὸ
1277 1398 1548 1457 τετρώβολον
1605 1428 1609 1431 -

252 1467 506 1526 λαμβάνειν,
534 1467 854 1522 τετρωβολίζειν
888 1465 1158 1523 ω’νόμασται,
1194 1467 1338 1512 καίτοι
1370 1468 1436 1519 τίς
1464 1465 1549 1511 οὐκ

255 1539 309 1582 ἄν
337 1535 449 1587 εἰκὸς
479 1529 529 1578 εὖ
569 1531 749 1588 πράττοι
787 1536 1127 1590 τετρωβολίζειν,
1166 1535 1207 1578 εἰ
1239 1537 1326 1578 νῦν
1365 1549 1413 1590 γε
1456 1532 1604 1594 διώοὶο

247 1609 389 1662 βολον
426 1603 550 1660 φέρει
587 1599 696 1656 άνὴρ
733 1600 905 1657 τρέφειν
943 1607 1141 1657 γυναῖκα.
1189 1600 1239 1646 vd
1267 1601 1318 1646 δὲ
1339 1603 1424 1646 τοῦ
1449 1599 1551 1658 ὀβο-

255 1675 338 1716 λοῦ
365 1671 511 1728 ἥμισυ,
537 1666 813 1724 ἡμιωβόλιον.
854 1668 929 1711 καὶ
957 1668 1292 1725 ἡμιωβολιαῖον,
1320 1666 1371 1712 τό
1399 1667 1551 1713 τοσού-

254 1755 336 1782 του
365 1737 512 1787 ώνιον,
542 1735 602 1785 ώς
630 1735 678 1778 ἐν
703 1738 794 1785 τοῖς
821 1734 1058 1790 Βατράχοις
1082 1733 1432 1792 Ἀριστοφάνους,

339 1805 413 1849 καὶ
439 1803 546 1859 κρέα
571 1818 619 1858 γε
646 1800 758 1856 πρὸς
785 1800 1004 1845 τούτοισιν
1030 1799 1268 1858 ἀνάβραστ’
1293 1803 1470 1855 εἴκοσιν,

342 1869 690 1927 ἀνημιωβολιαῖα.
1557 1877 1604 1913 25

255 1937 324 1982 Ἐν
352 1937 397 1981 δὲ
423 1940 484 1994 τῷ
519 1935 755 1993 Ἀναγύρῳ,
791 1932 846 1979 τὰ
876 1936 975 1989 τρία
1001 1932 1268 1991 ἡμιωβόλια,
1293 1935 1551 1993 τριημιωβό-
1602 1942 1605 1943 ’

258 2009 354 2049 λιον
395 2005 583 2059 εἴρηκεν,
632 2002 680 2046 ἐν
717 2005 779 2058 τῷ
829 2000 1008 2057 στόματι
1051 2000 1382 2058 τριημιωβόλιον
1429 2003 1549 2059 ἔχων.

198 2072 343 2123 65*‘O
380 2069 528 2126 μέντοι
566 2067 725 2125 όβολὸς
763 2065 876 2111 όκτώ
914 2072 1101 2124 χαλκοῦς
1135 2065 1240 2123 εἶχε·
1285 2069 1359 2112 καὶ
1392 2071 1437 2113 οἱ
1473 2069 1551 2126 μὲν

261 2136 344 2182 δύο
371 2142 525 2194 χαλκοῖ
549 2134 903 2191 τεταρτημόριον·
948 2135 1022 2178 καὶ
1048 2132 1157 2178 κατὰ
1188 2131 1416 2193 ἀποκοπὴν
1453 2152 1551 2193 ταρ-

259 2203 468 2261 τημόριον
503 2204 711 2248 ἐκαλεῖτο·
749 2197 874 2246 οὗτοι
914 2199 957 2245 δ’
1001 2200 1059 2244 ἄν
1098 2199 1206 2253 εἷεν,
1234 2201 1309 2246 καὶ
1335 2203 1605 2259 δίχαλκον,3ο
1660 2201 1664 2250 Ῑ

261 2270 329 2314 ὅτι
363 2265 420 2326 ἦν
456 2275 536 2315 τοῦ
565 2268 729 2326 ὀβολοῦ
765 2268 978 2322 τέταρτον.
1016 2269 1062 2311 οἱ
1087 2268 1133 2312 δὲ
1161 2267 1361 2326 τέσσαρες
1384 2274 1551 2326 χαλκοῖ,

258 2337 532 2394 ἡμιωβόλιον.
579 2339 622 2380 οἱ
668 2336 715 2380 δὲ
754 2336 800 2388 ἓξ
845 2338 1015 2392 χαλκοῖ,
1056 2334 1356 2392 τριτημόριον·
1392 2335 1463 2381 ὅτι
1496 2335 1551 2380 τὰ

261 2406 360 2460 τρία
396 2405 502 2460 με’ρη
536 2403 625 2448 ἐστὶ
664 2404 746 2446 τοῦ
779 2400 957 2458 ὀβολοῦ.
1007 2402 1052 2444 οἱ
1085 2401 1131 2445 δὲ
1170 2402 1244 2446 καὶ
1277 2402 1552 2459 τριταρτημό-

263 2487 361 2527 ριον
389 2469 548 2522 αὐτούς
577 2468 823 2526 ὠνόμαζον,
866 2467 926 2520 ώς
959 2469 1059 2523 τρία
1092 2467 1403 2526 τεταρτημόρια
1439 2469 1552 2526 ἔχον-

262 2554 350 2588 τας.
388 2537 455 2581 ὅτι
490 2537 536 2581 δὲ
573 2536 677 2587 τούς
703 2537 748 2589 ἓξ
782 2537 968 2591 χαλκοῦς
1001 2534 1279 2590 τριτημόριον
1313 2534 1547 2593 ω’νόμαζον,
1557 2542 1602 2580 85

266 2604 380 2648 ἔστιν
414 2602 557 2659 εὑρεῖν
589 2604 637 2648 ἐν
673 2607 734 2660 τῷ
777 2601 1021 2658 Φιλήμονος
1058 2603 1252 2660 Σαρδίῳ,
1322 2598 1328 2605 ”
