1670 3008
762 102 815 144 X.
873 101 965 146 104.
1422 96 1507 142 235

216 217 326 276 πρός
349 215 549 273 τοῦνομα
574 212 764 270 κωμικός
792 210 996 270 ἐπήγαγε,
1031 209 1112 268 τὴν
1136 208 1294 255 θυείαν
1319 206 1507 265 άγνοεῖςς

215 283 438 332 τουτέστιν
477 282 506 340 ἡ
542 283 665 339 ὖγδις.
710 284 733 306 *
748 277 808 324 Τό
847 280 894 325 δὲ
918 277 1163 335 πύραυνον,
1188 271 1226 334 ᾧ
1252 275 1355 328 τούς
1381 273 1601 332 {pand-104

221 369 329 410 ρους
370 350 594 406 ἄνθρακας
629 349 903 405 κομίζουσιν,
932 348 1069 398 εἴποις
1104 360 1175 388 αν
1198 343 1279 401 ἐμῇ
1314 341 1417 400 δόξῃ
1441 342 1516 387 καὶ

219 417 475 477 πυρφόρον·
533 413 758 473 μαγειρικὰ
794 415 862 467 δὲ,
902 415 975 459 καὶ
1001 413 1199 465 κοπίδες,
1233 410 1308 455 καὶ
1335 411 1516 466 δορίδες,

192 486 299 532 ὁκαὶ
334 485 591 552 μαχαιρίδες.
646 480 984 540 Ἀριστοφάνους
1020 483 1132 536 γοῦν
1168 479 1217 523 ἐν
1245 478 1464 527 Ἱππεῦσιν
1491 478 1518 523 ὁ

222 551 443 613 μάγειρος
462 541 598 607 λέγει,
645 551 910 608 μαχαιρίδων
954 563 999 592 τε
1032 545 1218 603 πληγάς·
1265 545 1410 601 ωσπερ
1444 547 1529 591 καὶ

223 620 272 665 ἐν
315 621 377 678 τῷ
416 610 537 677 Γήρᾳ
580 617 605 663 ὁ
646 616 778 668 αὐτὸς
815 614 992 673 ποιητὴς
1027 616 1214 671 εἴρηκεν·
1250 615 1398 660 κοπίδι
1433 618 1521 658 τῶν

225 687 501 744 μαγειρικῶν.
555 684 603 729 ἐκ
642 684 689 730 δὲ
723 682 892 728 τούτων
921 682 997 727 καὶ
1029 682 1325 737 τυροκνῆστις,
1364 680 1421 738 ἣν
1447 680 1522 725 κύ-

227 756 354 811 βηλιν
379 754 612 796 καλοῦσιν·
643 747 707 797 ὧν
731 751 759 809 ἡ
784 751 864 808 μὲν
887 752 1168 806 τυροκνῆστις
1194 748 1309 792 ἔστιν
1335 748 1383 793 ἐν
1410 748 1525 794 Πλά-

174 834 366 872 ιοτωνος
403 817 618 864 Ἀδώνιδι·
663 818 737 864 καὶ
772 818 821 863 ἐν
856 815 1194 874 Ἀριστοφάνους
1219 817 1525 869 Αἰολοσίκωνι,

229 889 403 942 δοῖδυξ,
431 887 574 939 θυεία,
600 890 890 943 τυροκνῆστις,
930 882 1109 942 ἐσχάρα·
1143 883 1171 942 ἦ
1200 883 1247 928 δὲ
1274 881 1453 939 κύβηλις
1478 884 1526 928 ἐν

237 955 481 1013 Φιλήμονος
511 952 828 1012 Ἁρπαζομένῳ,
857 952 950 1008 6ρῶ
985 952 1194 1009 μαγείρου
1228 950 1304 995 καὶ
1340 950 1524 1008 κύβηλιν

229 1025 306 1070 καὶ
346 1021 529 1079 σκάφην.
587 1020 1008 1078 *Προσονομαστέον
1044 1018 1090 1063 δὲ
1128 1017 1301 1070 τούτοις
1340 1019 1414 1062 καὶ
1450 1019 1520 1064 πὲ-
1536 1023 1615 1067 105

230 1097 363 1143 λυκα,
389 1089 465 1135 καὶ
501 1088 704 1142 δοίδυκα,
737 1088 811 1132 καὶ
838 1085 1143 1143 ἀλετρίβανον·
1182 1084 1453 1143 γαστρόπτης
1482 1087 1529 1132 δὲ

178 1169 222 1205 15
233 1159 280 1203 ἐν
316 1162 407 1209 τοῖς
441 1154 767 1213 Δημιοπράτοις
802 1156 1036 1209 πέπραται,
1070 1154 1146 1198 καὶ
1182 1152 1351 1210 δευτὴρ,
1379 1153 1531 1198 κοινὸν

234 1224 459 1282 άρτοποιῷ
498 1222 572 1266 καὶ
606 1224 795 1280 μαγείρῳ
832 1225 999 1272 σκεῦος,
1031 1218 1115 1265 άπὸ
1143 1224 1226 1266 τοῦ
1257 1220 1398 1265 δεύειν
1427 1220 1533 1265 ὦνο-

230 1291 468 1350 -μασμένον.
507 1289 650 1346 ἄβακα
677 1289 725 1334 δ’
755 1290 791 1334 εΖ
818 1287 1002 1345 βούλοιό
1028 1305 1071 1332 τι
1097 1292 1185 1332 τῶν
1210 1292 1292 1332 τοῦ
1323 1290 1533 1344 μαγείρου

237 1362 405 1404 σκευῶν
442 1361 609 1409 καλεῖν,
636 1355 955 1414 προσχρηστέον
992 1366 1063 1399 σοι
1099 1356 1301 1413 Κρατίνῳ
1330 1355 1378 1400 ἐν
1403 1358 1535 1400 Κλεο-

238 1427 461 1484 βουλίναις
487 1422 668 1479 λέγοντι,

185 1505 233 1550 20
324 1491 510 1536 ἐπέδωκε
538 1490 742 1547 βαλάνων
765 1489 908 1546 ἅβακα
934 1492 1021 1533 τῶν
1047 1489 1095 1534 ἐκ
1127 1488 1318 1545 φιττέως.

240 1559 316 1615 καὶ
344 1555 530 1614 άβάκιον
566 1555 607 1601 δ’
637 1557 693 1602 ἂν
727 1555 832 1601 αὐτὸ
862 1558 1023 1608 εἴποις·
1069 1555 1144 1613 ἐφ’
1176 1556 1328 1612 ἑτέρου
1351 1557 1431 1613 μὲν
1454 1556 1539 1614 γάρ

242 1629 408 1683 εἴρηται
442 1622 531 1669 ὑπὸ
567 1626 734 1669 Λυσίου
776 1624 823 1668 ἐν
862 1628 924 1682 τῷ
950 1624 1061 1678 ὑπὲρ
1088 1626 1418 1681 Καλλαίσχρου,
1455 1623 1539 1682 μετ’

238 1692 428 1750 ,άβακίου
458 1691 606 1746 δὲκαὶ
643 1693 868 1748 τραπεζίου
905 1695 1063 1735 πωλῶν
1096 1690 1263 1736 ἑαυτόν.
1317 1694 1537 1749 7’χρῆσθαι
1548 1700 1630 1741 106

244 1760 292 1806 δ’
322 1760 453 1813 ἔξεστι
479 1762 541 1816 τῷ
569 1756 750 1815 ὀνόματι
775 1753 848 1803 καὶ
877 1758 946 1802 ἐπὶ
971 1762 1052 1802 τοῦ
1082 1756 1314 1816 ὄψοφόρου
1332 1759 1538 1813 σκεύους·

191 1827 391 1881 25ὥσπερ
419 1826 492 1871 καὶ
519 1825 743 1882 κακκάβην
768 1826 847 1883 τήν
866 1825 1036 1870 λοπάδα
1063 1826 1184 1882 ἐρεῖς,
1216 1825 1414 1879 εἰπόντος
1437 1825 1549 1884 Ἀρι-

246 1894 494 1952 στοφάνους
522 1893 570 1936 ἐν
600 1892 775 1950 Σκηνὰς
801 1892 1256 1949 καταλαμβανούσαις·

329 1962 410 2019 τὴν
436 1958 659 2016 κακκάβην
686 1960 770 2017 γὰρ
799 1963 956 2005 καετοῦ
985 1960 1263 2006 διδασκάλου.

247 2030 297 2076 ἓν
323 2027 370 2074 δ’
399 2027 637 2085 Εὐβούλου
652 2027 771 2072 Ἴωνι
798 2030 989 2084 εἴρηται,
1017 2031 1200 2085 τρυβλία
1232 2029 1279 2073 δὲ
1315 2028 1390 2074 καὶ
1416 2028 1547 2074 πατά-

248 2113 322 2142 νια
355 2095 429 2150 καὶ
454 2094 669 2151 κακκάβια
707 2095 781 2139 καὶ
818 2094 1027 2156 λοπάδια·
1077 2095 1135 2148 ὥς
1169 2097 1319 2151 ἕτερον
1346 2096 1399 2141 ὂν
1426 2096 1547 2152 παρά

195 2163 331 2220 ωτὴν
366 2162 537 2208 λοπάδα
570 2161 712 2221 τούτῳ
756 2166 817 2220 τῷ
867 2161 1065 2220 σχήματι·
1121 2163 1195 2207 καὶ
1240 2162 1463 2220 κάκκαβον
1500 2164 1548 2208 δὲ

251 2230 333 2287 τὴν
359 2229 583 2287 κακκάβην
608 2229 718 2274 κατὰ
745 2229 824 2286 τήν
852 2234 942 2274 τῶν
966 2233 1142 2274 πολλῶν
1178 2234 1332 2288 χρῆσιν
1356 2230 1550 2287 Ἀντιφά-

253 2314 333 2355 νης
358 2297 563 2355 κέκληκεν
591 2297 724 2349 εἰπών
751 2299 999 2356 Παρασίτῳ,

684 2363 909 2421 κάκκαβον
934 2364 1055 2419 λέγω.

342 2431 397 2476 σύ
428 2430 471 2475 δ’
499 2432 602 2482 ἴσως
631 2431 687 2474 ἄν
713 2433 849 2492 εἴποις
875 2430 1057 2475 λοπάδ’·
1087 2431 1183 2487 ἐμοὶ
1211 2432 1259 2476 δὲ
1285 2432 1477 2488 τοῦνομα

209 2510 256 2548 35
324 2502 326 2504 ’
350 2501 431 2543 οἴει
459 2497 694 2553 διαφέρειν,
725 2500 805 2542 εἴτε
832 2497 1056 2554 κάκκαβόν
1082 2515 1195 2550 τινες

206 2561 211 2564 ’
308 2618 315 2624 .
356 2568 580 2623 χαίρουσιν
607 2564 910 2622 ὀνομάζοντες,
942 2567 1023 2610 εἴτε
1051 2567 1279 2622 σίττυβον;
