1664 2950
663 127 742 171 111.
801 130 866 172 84.
1336 125 1416 168 157

125 246 211 291 τᾶν
236 245 482 300 Κλαρῶται,
525 241 599 285 καὶ
619 242 832 292 Μνωῖται,
860 238 933 282 καὶ
960 237 1285 294 Μαριανδύνων
1325 240 1418 283 Am-

126 310 339 368 ροφόροι,
374 311 447 354 καὶ
463 308 660 365 Ἀργείων
688 309 931 364 Γυμνῆτες,
959 306 1032 350 καὶ
1055 307 1308 350 Σικυωνίων
1336 308 1419 349 Κο-

127 376 387 437 ρυνηφόροι.
432 376 538 429 τούς
564 377 710 433 μέντοι
737 376 796 427 είς
824 374 1072 430 ἐλευθερίαν
1099 377 1186 417 τῶν
1213 371 1420 417 Εἱλώτων

126 444 390 502 ἀφιεμένους
426 446 470 489 οἱ
511 442 846 498 Λακεδαιμόνιοι
874 439 1174 497 Νεοδαμώδεις
1200 443 1420 486 καλοῦσιν.

99 511 155 557 56
181 513 229 558 δὲ
254 515 328 569 τῆς
353 514 441 555 τῶν
468 509 640 554 δούλων
680 508 907 564 ἀφειμένος
945 509 1164 560 δουλείας,
1196 506 1420 552 ἀπελεύθε-

127 596 227 635 ρος,
262 580 336 624 καὶ
371 577 660 634 ἐξελεύθερος,
698 573 1115 634 ἀπηλευθερωμένος.
1145 575 1218 618 καὶ
1247 573 1422 620 ἀπελευ-

125 650 339 703 θεραῖσαι,
368 644 790 701 άπελευθερωθῆναι.
836 643 909 686 καὶ
942 639 1301 699 ἀπελευθέρωσις,
1346 643 1422 688 καὶ

129 715 423 771 ἀπελευθερία.
476 713 550 757 καὶ
587 709 870 768 Δημοσθένης
910 710 1043 766 φησὶν
1076 709 1422 767 ἑξελευθερικούς

128 782 313 840 νόμους,
340 781 415 826 καὶ
440 776 803 834 ἀπελευθερικούς
829 774 1000 833 νόμους.
1031 774 1138 821 κατά
1164 777 1308 833 μέντοι
1336 782 1422 822 τῶν

76 860 120 894 10
131 849 434 900 ἀποστάντων,
471 845 737 891 ἀποστασίου
778 845 875 900 δίκη
915 843 1014 888 ἐστί.
1086 845 1225 901 Φαίης
1265 842 1310 889 δ’
1353 844 1422 898 ἂν,

129 915 256 975 τιμὴν
282 916 551 972 καταβαλεῖν,
581 909 795 970 ἀργύριον
820 911 1092 968 εἰσενεγκεῖν,
1122 909 1422 958 ἀντικαταλλά-

131 985 289 1039 ξασθαι
319 981 526 1041 χρήματα.

417 1115 1126 1160 *ΚΕΦΑΛΑΙΟΝα
1430 1127 1486 1170 34

0 1286 1 1291 ,
133 1243 241 1300 Περὶ
261 1240 545 1322 τραπεζίτου,
588 1238 857 1291 δανείζοντος
906 1238 1010 1293 (καὶ
1040 1237 1297 1294 μετάλλων)
1351 1239 1425 1284 καὶ

0 1347 1 1380 3
80 1328 122 1364 15
626 1308 715 1350 τῶν
743 1307 918 1350 λοιπῶν.

248 1388 514 1443 Τραπεζίτης,
535 1383 906 1440 ἀργυρογνωμων,
943 1372 1285 1442 ἀργυραμοιβὸς,
1313 1387 1427 1430 δοκι-

137 1452 320 1513 μαστὴς,
347 1451 661 1508 έπικαθήμενος
684 1451 878 1508 τραπέζῃ.
906 1454 1168 1509 τραπεζείτης
1195 1453 1265 1506 δὲ,
1293 1453 1427 1498 κύων.

135 1521 319 1579 τράπεζα
339 1517 659 1574 πολυάργυρος,
686 1516 893 1573 τραπέζης
913 1517 1120 1575 ἀφορμαί.
1151 1520 1230 1577 τὴν
1258 1521 1304 1565 δὲ
1331 1521 1429 1576 τρά-

136 1593 274 1643 πεζαν·
292 1586 574 1644 Δημοσθένης
619 1584 693 1628 καὶ
738 1583 871 1637 ξύλον
899 1580 1130 1641 ω’νόμασεν.
1170 1587 1355 1632 ἐκάλουν
1385 1590 1427 1632 δ’

0 1647 1 1650 ¹
82 1654 274 1713 Ξοαῦτὴν
311 1655 385 1699 καὶ
421 1656 592 1698 πίνακα.
631 1650 844 1708 ἀργυρίου
876 1651 1061 1710 ἀλλαγὴ,
1104 1653 1128 1698 ὁ
1165 1655 1430 1711 καλούμενος

137 1722 366 1779 κόλλυβος.·
388 1721 599 1777 ἐνέχυρον,
628 1718 798 1775 λύσιμα.
826 1720 1198 1776 κατενεχυριάζειν,
1227 1720 1430 1778 ὀφείλειν,

137 1791 414 1844 δανείζεσθαι,
443 1789 660 1840 δανείζειν,
688 1792 918 1842 προεῖσθαι
946 1787 1168 1844 ἀργύριον.
1198 1787 1431 1846 ὑποθήκην

135 1857 241 1910 θεὶς,
249 1855 296 1901 -δ
325 1854 632 1911 δανειζόμενος.
669 1851 900 1911 ὑποθήκην
926 1856 1129 1912 θέμενος,
1164 1854 1197 1900 ὁΙ
1227 1859 1430 1911 δανείζων

137 1924 258 1981 χρέα.-
279 1923 352 1969 aaz
380 1926 460 1970 τοῦ
491 1922 645 1979 χρέους
673 1924 953 1978 δανείσματα,
993 1922 1279 1980 ὄφειληματα,
1314 1924 1431 1970 ἐκδό-

83 2003 248 2043 25532,
276 1990 516 2042 ἐκδιδόναι,
546 1990 686 2046 ἕγγεια
717 1991 994 2046 δανείσματα,
1031 1990 1227 2035 ναυτικά.
1265 1992 1318 2036 τά
1345 1992 1431 2049 γὰρ

139 2057 367 2140 ὀφλήματα
408 2056 480 2100 καὶ
507 2054 557 2099 τὸ
588 2055 759 2112 ὅφλειν,
795 2057 866 2101 ἐπὶ
904 2074 991 2101 των
1028 2058 1432 2103 καταδικασθέντων

63 2146 66 2151 ·
138 2127 202 2178 είς
222 2123 448 2181 ἀργύριον.
478 2122 638 2177 *ὅρους
665 2123 895 2180 ἐφεστάναι
922 2126 1076 2182 χωρίῳ.
1114 2127 1240 2177 λίθος
1278 2124 1320 2170 δ’
1359 2122 1426 2184 ἦν,
1437 2134 1491 2177 85

128 2192 168 2250 ,ἢ
192 2191 320 2250 στήλη
346 2207 410 2243 τις
438 2192 654 2247 δηλοῦσα,
696 2209 755 2243 ως
782 2191 895 2236 ἔστιν
920 2190 1148 2247 ὑπόχρεων
1183 2191 1231 2236 τὸ
1259 2195 1431 2249 χωρίον.

139 2259 208 2306 ἐπὶ
233 2259 283 2304 δὲ
309 2257 470 2302 τούτου
511 2258 656 2313 ἔλεγον
695 2258 769 2301 καὶ
797 2257 846 2303 τὰ
876 2258 1065 2315 ἐστίχθαι
1091 2258 1141 2303 τὸ
1170 2262 1343 2316 χωρίον.
1373 2259 1432 2312 ὥς

89 2325 191 2376 30τό
220 2325 436 2376 ἐναντίον,
464 2323 676 2370 ἄστικτον.
711 2323 762 2368 τὸ
799 2324 844 2368 δὲ
880 2324 1104 2382 ’ὑπόχρεων
1138 2327 1320 2382 χωρίον,
1358 2328 1433 2371 καὶ

54 2411 56 2413 ’
140 2393 375 2450 ὖπόβολον.
403 2391 596 2449 χρήστης,
623 2391 784 2446 κυρίως
807 2391 886 2448 μὲν
914 2392 938 2437 ὁ
968 2393 1303 2449 δεδανεισμένος,
1332 2398 1433 2438 πολ-

143 2459 262 2512 λάκις
301 2460 347 2504 δὲ
391 2459 465 2503 καὶ
501 2457 526 2501 ὁ
570 2458 801 2514 δανειστής.
843 2453 974 2511 οὗτος
1010 2459 1056 2504 δὲ
1102 2460 1176 2504 καὶ
1221 2460 1432 2516 τοκιστὴς,

141 2525 432 2583 τοκογλύφος,
467 2526 654 2577 τοκίζων.
684 2524 790 2569 ὅθεν
824 2527 897 2570 καὶ
923 2528 1128 2579 τοκίζεται
1157 2524 1275 2583 αὐτῷ
1303 2525 1431 2582 ἀργύ-
1484 2520 1493 2523 ”

146 2607 265 2647 ριον,
305 2591 418 2646 παρὰ
452 2591 673 2648 *Τπερίδςμ
711 2591 867 2645 τόκους
903 2593 1102 2648 ἐκλέγων,
1132 2591 1430 2649 ὀβολοστάτης.
