1670 3008
708 99 759 142 X.
819 98 910 144 185·
1225 130 1229 132 -
1361 102 1446 146 259

155 219 218 274 τῷ
254 214 455 272 πλέγματι
492 209 636 270 τούτῳ
674 209 717 261 ές
757 207 810 253 τά
843 207 1200 265 περιφράγματα,
1231 207 1290 261 ὥς
1316 208 1364 253 ἐν
1389 212 1446 267 τῇ
1469 262 1474 267 .

156 281 321 341 Πιτύνῃ
351 281 376 327 ὁ
406 284 623 339 Κρατῖνος
648 277 746 332 περὶ
776 279 863 320 τῶν
895 273 1085 332 τριήρων
1112 276 1246 333 λέγει,
1285 275 1339 321 οὐ
1371 276 1444 321 δύ-

154 365 307 395 νανται
340 347 498 394 πάντα
526 349 759 391 ποιοῦσαι
780 342 890 395 νεώς
935 344 1080 387 οἴκων
1115 348 1283 399 λαχεῖν,
1340 341 1443 388 οὐδὲ

153 416 323 473 κάννης.
381 414 460 460 τὸν
494 414 641 472 μέντοι
675 410 833 462 ταύτας
875 408 1084 454 πλέκοντα
1125 411 1443 468 καννηνοποιόν

125 483 357 537 δἸππῶναξ
406 483 618 539 κέκληκεν.
673 480 720 524 έν
768 478 814 522 δὲ
860 481 952 528 τοῖς
1000 477 1168 533 μέτροις
1215 484 1307 540 τοῖς
1355 483 1444 523 τῶν

151 551 300 608 ὖγρῶν
336 551 401 608 εἴη
426 549 495 594 ῑᾶν
531 550 605 594 καὶ
631 545 772 605 μάρις,
797 542 1111 600 Ἀριστοτέλους
1136 543 1184 588 ἐν
1208 549 1272 603 τῷ
1298 544 1441 605 ὀγδόῳ

152 619 249 674 περὶ
281 617 401 672 ζώων
446 617 638 672 ἱστορίας
676 613 895 665 εἰπόντος,
943 611 1069 655 οἴνου
1118 610 1244 657 πέντε
1280 612 1442 670 μάρεις.

153 684 240 731 ἔστι
266 685 312 730 δὲ
342 684 367 729 ὁ
398 681 529 741 μάρις
553 683 603 735 ἓξ
625 679 817 726 κοτύλαι.

367 814 1058 863 1·-,Κ1Ξ”ΦΑΑΑ.Ῑ,οΝ
1120 815 1230 858 MH.
1448 818 1528 863 185

99 921 145 958 10
261 919 371 976 Περὶ
408 918 675 975 κεραμίτιδος
710 917 789 972 γῆς
823 913 898 958 καὶ
933 929 1022 958 των
1048 912 1330 972 προσφόρων.

261 1019 351 1064 Καὶ
385 1022 467 1079 γῆν
505 1017 551 1073 δὲ
586 1020 807 1073 κεραμῖτιν
845 1016 981 1066 εἴποις
1019 1030 1088 1068 αν,
1115 1016 1188 1060 καὶ
1213 1019 1295 1074 γῆν
1320 1033 1442 1072 κερα-

153 1086 274 1144 μίδα·
310 1085 352 1156 ἦ,
381 1102 439 1137 ως
463 1085 724 1139 Σαννυρίων
758 1083 805 1128 ἐν
842 1082 1021 1135 Γέλωτι,
1048 1083 1283 1141 κεραμικὴν
1312 1090 1441 1141 γαῖαν

153 1152 370 1210 στρέφων·
398 1147 454 1196 οὗ
481 1151 628 1208 μέντοι
662 1153 706 1195 οἱ
734 1154 931 1207 κεραμεῖς
957 1148 1034 1202 τὰς
1059 1153 1271 1203 πλίνθους
1299 1152 1443 1196 ἔπλατ-

151 1236 252 1274 τον,
290 1223 513 1264 πλινθεῖον
548 1222 672 1263 καλεῖ
703 1216 840 1262 τόπον
878 1217 924 1261 ἐν
964 1216 1195 1274 Δράμασιν
1228 1218 1259 1277 ἢ
1295 1219 1442 1277 Νιόβῃ

99 1285 470 1344 ιδἈριστοφάνης,
499 1286 599 1343 περὶ
624 1288 705 1329 τοῦ
729 1282 1019 1340 Κυκλοβόρου
1047 1289 1128 1329 τοῦ
1154 1292 1354 1344 ποταμοῦ
1380 1288 1444 1331 λέ·

150 1369 255 1410 γων,
285 1352 310 1397 ὁ
350 1354 396 1397 δὲ
435 1353 478 1405 ἐς
505 1352 554 1397 τὸ
583 1356 806 1396 πλινθεῖον
831 1349 1060 1408 γενόμενος
1087 1352 1316 1409 ἐξέστρεψε.
1352 1359 1443 1406 τοῖς

154 1420 200 1463 δὲ
228 1418 422 1464 σκεύεσιν
459 1421 495 1463 εί
525 1417 731 1476 βούλοιτό
761 1434 825 1468 τις
851 1424 1170 1475 προσαρνθμεῖν
1195 1419 1269 1463 καὶ
1304 1419 1442 1465 κάδον

153 1487 357 1538 πίττινον,
392 1486 562 1539 ἔξεστιν,
591 1482 926 1542 Ἀριστοφάνους
954 1484 1002 1528 ἐν
1026 1484 1255 1543 Δράμασιν
1281 1486 1311 1543 ἢ
1336 1491 1443 1532 Κεν-

153 1551 300 1609 ταύρῳ
329 1551 535 1605 εἰπόντος,

99 1625 147 1660 20
239 1618 338 1665 ἀλλ’
372 1622 431 1673 εἰς
458 1619 594 1665 κάδον
621 1617 768 1676 λαβών
795 1634 863 1663 τιν
901 1617 1024 1675 οὔρει
1047 1619 1269 1667 πίττινον.

414 1753 1027 1798 *KEQAAAION
1083 1757 1187 1798 ΜΘ.
1448 1766 1529 1809 186

245 1849 357 1910 Περί
388 1853 664 1912 στομώματος
703 1834 777 1900 καὶ
815 1852 1011 1910 σπάρτου
1049 1855 1123 1900 καὶ
1159 1836 1349 1913 σισύρας.

262 1955 350 1999 Καὶ
389 1954 593 2013 στόμωμα
627 1955 705 2013 μὲν
744 1956 924 2012 σιδήρου
953 1956 1068 2008 ὅστις
1096 1957 1142 2000 ἐν
1168 1961 1257 2009 τοῖς
1285 1957 1443 2003 άποθέ-

154 2036 243 2073 τοις
269 2021 465 2066 σκεύεσιν
499 2023 554 2067 ἂν
583 2022 793 2080 άροθμοῑ,
824 2027 1040 2079 Κρατῖνος
1069 2024 1125 2068 ἂν
1152 2022 1272 2082 αύτῷ
1300 2036 1444 2069 συναι-

102 2093 230 2134 Ξόνοῑ
258 2088 393 2144 λέγων
433 2089 480 2134 ἐν
516 2091 712 2144 Χείρωσι,
759 2091 1020 2148 χαλυβδικὸν
1056 2090 1272 2147 στόμωμα.
1318 2094 1356 2136 εί
1396 2092 1442 2136 δὲ

154 2155 227 2199 καὶ
252 2155 414 2213 πλέγμα
450 2172 492 2200 τι
525 2156 763 2213 σπάρτινον
789 2158 987 2216 ἢσάκον
1015 2156 1253 2213 σπάρτινον
1278 2159 1444 2210 ἐθέλοις

148 2225 323 2281 καλεῖν,
347 2223 420 2267 καὶ
445 2222 556 2279 πρός
580 2229 713 2269 τοῦτο
740 2223 963 2280 ,Κρατῖνός
1001 2235 1072 2270 σοι
1101 2228 1258 2282 βοηθεῖ
1282 2226 1328 2270 ἐν
1362 2230 1444 2270 Νε-

155 2287 269 2343 μέσει
304 2287 462 2344 λέγων,
498 2291 691 2348 σπάρτην
728 2292 835 2348 λέγω
875 2308 923 2348 γε
959 2294 1170 2348 σπαρτίδα
1200 2292 1280 2349 τήν
1310 2293 1443 2348 σπάρ-

156 2368 294 2398 τινον·
340 2358 470 2412 φαίης
512 2355 556 2401 δ’
595 2356 649 2401 ἂν
685 2359 759 2402 καὶ
794 2357 1267 2416 σισύρναν,,Αῑσχύλου
1291 2360 1369 2418 μὲν
1396 2360 1443 2403 έν

107 2419 324 2476 ΞοΚήρυξι
361 2422 586 2479 Σατύροις.
617 2424 840 2480 λέγοντος,
873 2424 981 2469 κατά
1016 2429 1092 2482 τῆς
1129 2424 1332 2482 σισύρνης
1368 2429 1444 2482 τῆς
1514 2451 1517 2453 —

161 2488 363 2539 λεοντέας,
412 2491 692 2547 Σοφοκλέους
728 2491 773 2535 δὲ
809 2492 856 2536 ἐν
891 2495 1091 2544 Μυσοῖς,

242 2557 442 2609 ψαλίδας,
481 2556 630 2614 τιάρας
665 2558 738 2602 καὶ
778 2557 1019 2615 σισυρνώδη
1047 2556 1217 2615 στολήν.
