1664 2950
286 122 365 164 160
821 118 898 163 111.
957 125 1025 167 92.

283 229 495 287 βεβηκώς,
528 227 768 281 ἀνίσταται,
797 228 1088 284 διανίσταται.
1123 237 1408 294 ἐξανίσταται,
1435 241 1576 290 ἐπανί-

283 312 456 349 σταται,
487 297 777 341 ἀπανίσταται.
805 295 970 354 λέγεται
997 303 1044 346 δὲ
1077 307 1153 350 καὶ
1181 305 1453 364 ἀνδριάντων
1478 312 1577 356 στά-

283 377 359 418 σις,
381 365 453 409 καὶ
471 362 714 416 ἀνάστασις,
734 363 807 407 καὶ
826 366 991 420 πόλεως
1011 370 1251 426 ἀνάστασις.
1281 374 1311 433 ἡ
1333 375 1575 424 ἀναστάτω-

281 443 361 485 σις,
380 430 499 486 παρὰ
512 431 792 488 Δημοσθένει.
815 435 889 478 καὶ
909 435 1126 483 ἀνάστατα
1144 440 1349 499 ἐποίησαν
1366 443 1419 489 τὰ
1437 446 1575 505 ταύτῃ

279 502 414 557 χωρία
427 531 439 551 ,
469 498 528 550 ὦς
561 501 840 557 Θουκυδίδης.
871 503 945 546 καὶ
972 502 1202 561 ἀνάστασις
1224 507 1383 566 ὁμοίως
1409 518 1601 580 τειχῶν,5

278 569 352 614 καὶ
379 565 722 624 οἰκοδομήματος
749 566 994 623 ἀνάστασις.

216 703 273 744 92
524 704 1330 757 *ΚΕΦΑΛΑΙΟΝΙΔ

667 827 778 883 Περὶ
803 831 884 872 τοῦ
910 829 1187 887 πορεύεσθαι.

390 907 579 961 Βαδίζει,
618 907 822 962 βαδίζων,
862 907 1022 966 βάδην,
1051 911 1233 967 βάδισις,
1262 914 1413 970 βαδιεῖ.
1450 915 1570 972 βαδι-

277 977 433 1029 στικός,
461 974 580 1029 παρὰ
604 972 911 1030 Ἀριστοφάνει.
954 977 1074 1033 παρά
1112 978 1159 1022 δὲ
1186 982 1411 1041 Κρατίνῳ,
1451 985 1570 1039 βαδι-
1582 984 1626 1020 10

275 1045 466 1102 σματίας
495 1040 612 1097 παρὰ
649 1038 695 1084 δε
728 1041 928 1087 Πλάτωνι
965 1049 1028 1102 τῷ
1057 1046 1311 1106 φιλοσόφῳ,
1348 1049 1569 1108 βαδισμός.

274 1113 346 1158 καὶ
384 1107 503 1164 παρά
544 1110 813 1165 Θουκυδίδῃ,
863 1110 967 1166 μετά
1008 1112 1188 1169 ῥυθμοῦ
1224 1117 1442 1171 βαίνοιεν,
1471 1113 1570 1163 ἀντὶ

273 1183 353 1225 τοῦ
382 1179 605 1235 βαδίζοιεν.
635 1175 885 1232 πορεύεται,
915 1179 1219 1236 πορευόμενος.
1258 1181 1365 1228 ὅθεν
1391 1185 1467 1229 καὶ
1491 1200 1569 1230 πο-

273 1253 379 1305 ρεῖα,
408 1245 462 1289 τοὶ
483 1242 684 1300 ὀχήματα.
713 1243 905 1300 προάγει,
933 1246 1148 1303 προάγων,
1175 1247 1345 1305 υπάγει,
1374 1250 1566 1308 ὑπάγων·

274 1317 361 1360 ἔστι
381 1313 427 1358 δὲ
451 1311 498 1355 τό
521 1309 617 1355 οἷον
634 1311 808 1367 ἡγεῖται,
828 1314 902 1356 καὶ
923 1312 1027 1369 ἄγει.
1044 1316 1119 1359 καὶ
1138 1313 1356 1372 ἀνάβασις,
1377 1318 1451 1362 καὶ
1469 1316 1568 1363 ἀνα-
1579 1323 1622 1369 15

273 1380 445 1440 βασμοὶ,
463 1379 538 1422 καὶ
557 1377 891 1436 ἀναβιβασμένοι
906 1382 1041 1426 ἵπποι.
1057 1383 1133 1426 καὶ
1153 1385 1196 1428 οἱ
1203 1389 1294 1436 τοῖς
1310 1382 1569 1442 ἀναβαίνου-

273 1464 316 1496 σι
334 1451 609 1507 βοηθοῦντες,
632 1445 927 1502 ἀναφέρουσιν
945 1448 1104 1501 αὐτοὺς
1126 1449 1282 1505 όρθαῖν
1297 1457 1394 1496 ταῖν
1407 1457 1566 1510 χεροῖν.

210 1517 574 1573 93*καταβαίνει,
612 1515 685 1558 καὶ
722 1515 981 1571 κατέρχεται.
1015 1518 1089 1561 καὶ
1125 1516 1336 1572 κάτεισιν,
1376 1519 1448 1564 ἐπὶ
1482 1523 1566 1566 τοῦ

270 1587 498 1644 μέλλοντος
525 1583 697 1639 χρόνου.
726 1582 910 1638 πρόεισι,
938 1589 1172 1641 περιπατεῖ.
1203 1583 1285 1643 ἀφ’
1315 1582 1370 1632 οὗ
1395 1588 1470 1632 καὶ
1495 1603 1567 1634 πε-

270 1657 429 1711 ρίπατα
459 1651 608 1707 τρέχει,
635 1650 710 1694 καὶ
728 1649 904 1707 δρόμος.
932 1657 1015 1706 θεῖ,
1045 1652 1252 1708 ἐπείγεται
1267 1654 1438 1712 τρέχειν.
1468 1660 1619 1713 ‹xxo-20

269 1728 389 1773 λαῖος
423 1721 674 1772 περίπατος,
723 1718 796 1761 καὶ
835 1720 1088 1771 σπουδαῖος,
1127 1721 1201 1764 καὶ
1235 1719 1450 1778 ἦρεμαῖος.
1489 1724 1564 1768 καὶ

269 1789 450 1844 σπουδή.
479 1784 741 1842 ἠπειγμὲνως
763 1787 937 1840 βαδίζει,
966 1786 1040 1830 καὶ
1068 1790 1201 1843 σχολῇ
1226 1793 1461 1843 περιπατεῖ,
1487 1790 1563 1833 καὶ

265 1857 415 1914 ἠρέμα.
443 1854 517 1897 καὶ
551 1851 804 1907 ἠπειγμένος
831 1853 1081 1906 περίπατος,
1123 1853 1195 1896 καὶ
1223 1851 1277 1896 τὰ
1308 1853 1448 1909 ὅμοια.
1487 1857 1562 1900 καὶ
1606 1879 1608 1881 ·

265 1924 313 1969 τό
334 1920 555 1971 Ἡσιόδου,
582 1918 822 1974 προβάδην.
853 1917 982 1974 ἄλλης
1002 1918 1048 1962 δὲ
1067 1920 1222 1974 χρείας,
1251 1922 1430 1975 βαίνειν,
1458 1938 1561 1979 προ-

267 1993 444 2049 βαίνειν,
475 1985 734 2042 ἀναβαίνειν,
765 1984 1028 2040 ἀποβαίνειν,
1056 1989 1349 2042 προσβαίνειν.
1377 1989 1452 2033 καὶ
1475 1990 1559 2035 ἐπι-
1569 1999 1613 2034 25

264 2057 397 2115 βάτας
434 2058 522 2099 τῶν
560 2057 672 2099 νεῶν
711 2052 786 2098 καὶ
813 2050 1030 2108 ἀναβάτας
1058 2053 1126 2097 ἐπὶ
1152 2058 1240 2099 τῶν
1271 2055 1319 2099 ἐν
1345 2061 1440 2108 ταῖς
1467 2055 1558 2114 ἀγέ-

263 2131 358 2178 λαις
388 2122 547 2181 ὀχειῶν.

200 2263 256 2306 94
476 2244 1374 2293 *KEQAAA10N1E2.

530 2367 639 2423 Περὶ
664 2368 746 2410 τοῦ
775 2365 923 2422 φέρειν
967 2367 1041 2411 καὶ
1064 2366 1285 2423 φέρεσθαι.

377 2457 525 2515 Φέρει,
553 2456 749 2513 φέρεται,
779 2460 974 2512 φορεῖον,
1005 2459 1180 2511 φορεῖς,
1211 2453 1432 2512 φοράδην,
1473 2463 1608 2514 ‹po-30

261 2527 330 2584 ρὰ,
361 2523 543 2581 ἐκφορὰ,
570 2524 643 2568 καὶ
672 2524 741 2567 ἐπὶ
762 2525 940 2574 σκευῶν,
965 2523 1037 2566 καὶ
1064 2523 1132 2567 ἐπὶ
1158 2525 1333 2579 νεκρῶν.
1361 2517 1552 2580 ἐπιφορά

259 2595 365 2652 γὰρ,
405 2591 454 2635 τὸ
491 2594 553 2647 τῷ
592 2593 736 2647 μισθῷ
775 2589 1135 2647 προστιθέμενον,
1177 2589 1238 2642 ὥς
1268 2591 1546 2647 Θουκυδίδης.
