1664 2950
252 106 271 145 1
282 107 331 148 ¹6
793 101 851 144 ΙΙ.
908 107 1001 147 167.

255 215 439 271 εἴρηκεν,
479 212 539 264 ὥς
566 215 612 258 δὲ
638 215 820 268 παχεῖαν
842 211 924 269 τὴν
948 212 1242 271 περιξῶστραν
1269 215 1360 271 ἔχει.
1399 216 1548 273 δηλον-

257 281 323 325 ότι
368 280 450 336 τὴν
487 279 644 336 ζώνην,
690 278 746 336 ἣν
779 278 980 335 Ῥωμαῖοι
1017 283 1206 338 φασκίαν
1238 287 1434 327 καλοῦσι.
1472 283 1548 328 καὶ

256 347 284 405 ἡ
314 348 391 404 μὲν
419 347 514 403 περὶ
540 344 617 396 τὰς
644 345 831 402 πλευροὶς
855 345 1007 401 νόσος,
1041 353 1273 405 πλευρῖτις,
1303 349 1363 401 ὥς
1389 350 1418 407 ἡ
1446 351 1547 406 περὶ

260 415 312 458 τοὶ
341 414 508 470 ἄρθρα,
559 410 763 466 ἄρθρῖτις,
813 414 887 473 καὶ
913 419 1125 471 νεφρῖτις,
1153 415 1181 472 ἡ
1210 417 1307 473 περὶ
1342 417 1446 469 τούς
1483 433 1547 462 νε·

177 490 254 532 167
263 480 417 539 φρούς.
481 478 629 523 *Ἀλλά
655 478 709 523 τὰ
736 480 815 535 μὲν
847 480 937 524 ’ὑπὸ
952 481 1209 539 ’π-μασχάλην,
1243 484 1410 540 πλευρὰ
1447 483 1574 528 ὀνο-5

258 549 439 608 μάζεται.
467 546 520 591 τοὶ
547 546 595 590 δὲ
621 544 750 598 ὀστᾶ,
779 549 973 603 πλευραί.
1002 544 1066 592 ὦν
1091 547 1145 592 τὰ
1172 549 1293 606 μέσα,
1320 549 1549 606 μεσόπλευ-

260 634 338 673 ρα,
377 615 451 661 καὶ
486 612 788 670 μεσοπλεύρια.
833 614 1118 671 ἕπτᾶπλευροι
1153 617 1200 661 δὲ
1236 619 1390 672 Λίγυες
1423 617 1452 674 ἢ
1495 618 1548 660 εἰ·

261 687 356 737 σὶν,
383 684 414 741 ἢ
441 685 687 727 καλοῦνται.
734 682 809 726 καὶ
833 682 1046 739 τρίγωνόν
1071 700 1112 728 τι
1159 683 1415 739 ἰσόπλευρον
1450 682 1548 727 ὀνο-

259 753 441 811 μάζεται.
477 749 551 794 καὶ.
589 751 955 804 παραπλευρίδια,
994 750 1048 794 τοὶ
1084 751 1204 807 παρὰ
1231 756 1324 802 ταῖς
1361 754 1450 794 τῶν
1485 752 1549 794 ἴπ-

258 835 354 864 πων
380 820 587 872 πλευραῖς
613 815 734 859 ὅπλα.
770 814 997 871 καταλήγει
1033 818 1079 861 δὲ
1118 820 1180 869 εἰς
1217 817 1320 869 τούς
1346 817 1445 873 περὶ
1470 820 1547 860 νῶ-
1559 819 1607 854 10

256 890 338 931 τον
366 882 640 942 σφονδύλους
665 883 719 927 τοὶ
748 887 837 926 τῶν
864 886 1064 939 πλευρῶν
1093 884 1218 941 ἄκρα,
1245 884 1459 936 κάκείνοις
1482 885 1549 940 έμ-

257 954 416 1010 πέπηγε
454 950 562 995 κατοὶ
589 950 666 1002 τὰς
693 951 740 994 ἐκ
768 951 961 1006 πλαγίων
993 951 1254 1009 κοιλότητας.
1298 952 1465 1025 BQ
1501 952 1547 996 δέ

257 1024 368 1066 εἰσιν
395 1018 658 1072 ἑκατέρωθεν
697 1019 742 1061 αἱ
770 1016 990 1072 σύμπασαι
1019 1021 1222 1075 πλευραὶ,
1262 1014 1324 1063 ὦν
1349 1035 1461 1071 τινες
1486 1022 1548 1075 τῷ

261 1087 422 1143 στέρνῳ
451 1083 759 1135 συνάπτονται,
801 1086 847 1127 αἱ
875 1084 921 1128 δὲ
948 1086 1043 1143 περὶ
1072 1086 1151 1131 τὸν
1177 1086 1360 1146 θώρακα
1386 1085 1547 1131 παύον-

260 1173 354 1208 ται,
382 1152 508 1198 αὐταὶ
536 1150 690 1203 έαυτάς
716 1151 941 1208 φέρουσαι.
1556 1156 1600 1191 15

176 1297 255 1338 168
299 1277 444 1335 *Περὶ
469 1275 655 1328 κοιλίας,
684 1270 911 1331 ὀμφαλοῦ,
940 1275 1160 1320 κενεώνων
1212 1276 1287 1321 καὶ
1313 1278 1401 1320 τῶν
1427 1274 1511 1319 σὺν

823 1339 982 1393 αὐτοῖς.

374 1391 433 1466 Τό
455 1421 501 1465 δε
530 1417 617 1464 απὸ
645 1419 832 1476 στέρνων
858 1417 929 1462 ἐπ’
967 1420 1113 1463 αἰδοῖα
1150 1419 1260 1464 κατα
1295 1419 1374 1464 τόν
1398 1423 1546 1465 κενεαῖ-

258 1507 335 1543 να,
362 1489 504 1534 κοιλία
530 1491 718 1531 καλεῖται
779 1486 854 1530 καὶ
879 1485 1051 1543 γαστήρ.
1081 1485 1162 1543 ἀφ’
1199 1483 1252 1543 ἧς
1287 1488 1362 1530 καὶ
1388 1485 1547 1543 προγά-

260 1570 394 1612 στωρ,
421 1554 495 1598 καὶ
521 1554 707 1610 γαστρὶς,
733 1554 807 1597 καὶ
831 1556 1158 1610 γαστριμαργία,
1185 1555 1259 1598 καὶ
1292 1555 1600 1610 γαστρίμαρ-Ξο

258 1642 355 1682 2109,
392 1619 697 1679 γαστροβόρος.
755 1620 828 1663 καὶ
863 1620 1145 1677 γαστρισμὸς,
1189 1622 1263 1666 καὶ
1305 1621 1544 1677 γαστρίσαι.

257 1693 331 1736 οιαὶ
356 1690 604 1746 γαστρίδιον
633 1688 677 1730 οἱ
699 1688 892 1741 κωμικοί.
922 1688 995 1730 καὶ
1020 1686 1185 1743 γάστρα
1200 1689 1404 1743 τρίποδος
1443 1685 1542 1742 παρ’

253 1757 438 1814 Ὁμήρῳ.
477 1754 551 1799 καὶ
576 1753 922 1808 ὑπεγαστρίζετο,
963 1753 1012 1797 τὸ
1040 1753 1308 1810 ἐχορτάζετο,
1341 1751 1369 1808 ἦ
1395 1768 1543 1810 κωμῳ·

258 1827 342 1869 δία.
371 1822 445 1867 καὶ
472 1821 517 1865 ἐν
542 1819 694 1876 γαστρὶ
723 1819 842 1875 ἔχειν,
867 1818 1111 1873 Ἡρόδοτος.
1144 1819 1217 1863 καὶ
1244 1819 1543 1875 ἐγγαστρίμαν-

256 1908 343 1944 τις,
369 1890 443 1934 καὶ
470 1888 817 1944 έγγαστρίμυθος.
844 1885 894 1929 τὸ
924 1886 971 1929 δὲ
998 1884 1084 1930 ὑπὸ
1112 1890 1166 1943 τῇ
1192 1888 1356 1942 γαστρὶ,
1386 1886 1596 1944 στάχυς-25

173 1974 251 2015 169
261 1962 459 2003 καλεῖται.
503 1952 586 1997 *vd
615 1953 661 1996 δὲ
688 1951 797 1996 κατὰ
824 1952 1166 2009 μέσηνγαστέρα
1191 1957 1365 2005 κοῖλον,
1405 1952 1543 2009 ὄμφα-

259 2025 356 2077 λὸς,
394 2022 469 2067 καὶ
493 2019 798 2077 μεσομφάλιον.
834 2021 907 2063 καὶ
935 2018 958 2064 ὁ
986 2020 1086 2075 περὶ
1112 2017 1247 2064 αὐτὸν
1270 2019 1415 2072 τόπος,
1441 2020 1543 2076 γάγ-

252 2105 415 2150 γαμον,
442 2087 532 2132 ἐπεὶ
559 2086 728 2142 νεύρων
753 2085 840 2130 ἐστὶ
866 2086 1054 2143 πλέγμα,
1091 2086 1286 2144 καθάπερ
1319 2086 1370 2131 τὸ
1402 2089 1542 2132 δικτυ-

255 2161 384 2209 ὦδες,
415 2154 442 2199 ὂ
468 2158 657 2198 καλεῖται
684 2156 767 2197 νῦν
792 2152 1028 2210 γάγγαμον,
1056 2154 1087 2210 ἢ
1114 2153 1174 2206 ὥς
1202 2156 1246 2199 οἱ
1271 2155 1438 2207 πολλοὶ,
1468 2166 1539 2199 σα·
1578 2179 1581 2182 -

253 2225 374 2283 γήνη.
402 2221 604 2279 ὀμφαλοῦ
640 2220 686 2265 δὲ
723 2219 772 2264 τὸ
814 2220 862 2264 ἐν
888 2220 1026 2280 μέσῳ,
1064 2219 1375 2278 ἄκρομφάλιον.
1412 2220 1462 2266 τὸ
1491 2222 1592 2268 &so

248 2293 359 2348 ὑπὲρ
390 2287 545 2341 αὐτοῦ,
581 2286 864 2344 ἐπομφάλιον.
905 2288 978 2331 καὶ
1007 2287 1276 2345 μεσόμφαλοι
1302 2292 1539 2334 καλοῦνται

256 2356 537 2406 πλακούντων
561 2371 603 2399 τι
629 2352 754 2405 εἶδος.
783 2353 856 2397 καὶ
883 2351 1205 2411 ὀμφαλοτόμος,
1239 2353 1271 2411 ἡ
1299 2354 1537 2411 μαιεύτρια.

255 2427 330 2474 καὶ
357 2424 405 2476 ὃς
432 2421 658 2478 ἀποτέμνει
687 2419 788 2471 τούς
816 2418 1045 2477 ὀμφαλους
1070 2425 1158 2466 τῶν
1179 2424 1369 2478 βρεφῶν,
1398 2420 1538 2479 ὄμφα-

168 2490 411 2551 17ολιστήρ
438 2493 459 2517 *
472 2490 515 2533 οἱ
543 2489 589 2533 δὲ
614 2487 791 2532 Ἀττικοὶ
815 2488 890 2532 καὶ
915 2486 992 2532 τόν
1019 2493 1106 2533 τῶν
1148 2492 1293 2534 συκῶν
1332 2489 1564 2545 πυθμένα

253 2555 453 2620 ὀμφαλόν
479 2554 750 2615 ὀνομάζουσι.
788 2553 840 2603 τὸ
867 2555 914 2603 δὲ
940 2556 1039 2613 περὶ
1073 2571 1132 2614 τῳ
1161 2554 1343 2614 ὀμφαλῳ
1375 2555 1529 2615 δερμα,
1541 2561 1585 2599 85
1662 2578 1664 2610 1
