1664 2950
270 111 327 154 ⁷2
569 110 810 173 11BER11
841 110 1262 152 HEMSTERHUIS

272 221 482 265 Codicem
501 220 627 265 illum
649 238 738 265 esse
757 222 1133 280 Antwerpiensem
1155 238 1212 266 ex
1226 220 1420 267 Kuehnii
1438 236 1562 279 prae*

271 277 438 322 satione
450 287 639 321 constat:
659 280 932 321 Demetrium
951 281 1066 321 enim
1081 279 1423 336 Chalcondylam
1443 279 1563 320 hunc

271 334 437 378 librum
462 335 704 390 possedisse
729 334 790 376 ibi
819 334 977 378 refert:
1017 335 1091 377 sed
1119 336 1194 378 illo
1221 343 1392 384 tamen,
1428 344 1564 390 quem

271 389 364 432 dixi
391 390 580 432 Pollucis
603 390 723 444 loco,
748 391 976 433 Kuehnius
993 391 1142 444 istam,
1172 392 1290 446 quod
1306 390 1470 438 miror,
1498 390 1564 431 le·-

275 446 430 488 ctionis
447 446 703 488 varietatem
735 462 792 488 ex
820 447 1146 502 Antwerpiensi
1168 447 1281 490 libro
1312 461 1402 489 non
1419 445 1566 488 adno-

273 503 410 555 tavit,
449 517 580 559 quam
607 503 824 544 Pantinusv
849 503 896 544 in
924 501 1116 544 medium
1145 503 1367 558 produxit.
1425 503 1564 545 Porro

274 559 448 601 Mstum
471 558 658 600 Pollucis
687 558 857 615 regium
880 559 1093 601 Heraldus
1119 559 1191 601 vir
1213 558 1482 601 doctissimus
1508 557 1565 599 ad

274 612 577 657 testimonium
599 622 728 657 vocat
749 613 979 658 Animadv.
994 615 1042 656 in
1059 613 1256 658 salmasii
1276 613 1567 658 Observatio-

273 685 354 712 nes
385 669 460 712 lib.
489 671 541 713 11.
566 686 602 712 c.
635 674 700 716 15.
732 670 779 712 in
808 685 896 726 quo
922 670 1081 713 scilicet
1101 670 1323 713 defuerint
1339 670 1423 712 hae
1439 685 1566 712 voces

275 727 400 778 Vm,
427 732 497 772 31.
526 723 622 770 ἀντὶ
641 724 867 782 ὀνομάτων
887 726 1069 783 φαύλων
1083 725 1223 770 ὄντων
1241 728 1427 783 peragat·
1454 739 1569 782 quae

277 782 431 824 eadem
449 782 596 825 abesse
612 798 637 824 a
655 785 802 825 codice
821 784 964 826 Antw.
984 790 1167 824 testatur
1185 783 1429 826 Kuehnius.
1484 781 1568 823 Hic

275 838 369 879 sine
391 838 523 880 dubio
544 839 684 881 codex
709 847 774 881 est
794 839 938 895 regiae
965 838 1251 881 bibliothecae
1280 839 1479 891 Parisiis,
1521 836 1569 878 in

273 908 366 951 qua
391 894 576 952 reperiri
598 903 785 951 quatuor
815 895 997 938 Msstos
1021 894 1207 938 Pollucis
1236 895 1369 938 libros
1393 893 1570 937 monuit

277 949 444 993 amicus
463 958 610 993 noster
634 952 667 993 Ι.
688 951 741 994 H.
762 951 1043 1006 Lederlinus3
1072 965 1128 992 ex
1150 951 1308 1006 quibus
1325 950 1457 993 etiam
1477 963 1570 991 non

277 1005 466 1062 simplici
493 1014 723 1049 contentus
748 1006 959 1048 beneficio
975 1007 1023 1048 in
1041 1007 1351 1065 posterioribus
1369 1008 1571 1048 Onoma-

276 1063 543 1119 sticographi
570 1063 691 1104 libris
719 1064 953 1106 lectionum
976 1070 1203 1118 excerptas
1227 1064 1461 1105 varietates
1482 1076 1572 1118 pu·-

277 1118 481 1161 blicavit:
509 1119 584 1160 sed
606 1127 658 1161 ut
675 1119 810 1161 tutius
833 1118 1049 1162 iudicium
1076 1118 1183 1161 ferri
1205 1119 1337 1175 possit
1353 1119 1407 1160 de
1427 1117 1570 1176 pretio

276 1175 441 1218 horum
462 1174 661 1216 codicum
692 1183 736 1218 et
759 1175 976 1222 bonitate,
1006 1182 1050 1217 et
1081 1189 1157 1230 ego
1189 1189 1332 1217 meam
1362 1176 1447 1216 hoc
1473 1175 1570 1216 loco

279 1230 483 1273 conferre
509 1230 752 1287 symbolam
783 1230 1021 1273 destinavi:
1066 1230 1151 1272 hoc
1178 1231 1320 1287 ipsum
1347 1237 1497 1272 tamen
1520 1236 1573 1271 ut

278 1287 462 1345 possim,
489 1294 714 1344 acceptum
737 1286 880 1329 refero
900 1287 1127 1329 excellenti
1152 1288 1248 1328 viro
1269 1287 1380 1330 Lud.
1403 1287 1573 1329 Kuste-

278 1359 346 1395 ro,
378 1342 500 1384 cuius
519 1342 783 1385 incredibilis
807 1344 1058 1386 humanitas
1080 1357 1106 1384 a
1129 1358 1200 1385 me
1217 1342 1320 1386 satis
1341 1342 1472 1398 digne
1489 1342 1574 1383 de·-

278 1398 522 1454 pracdicari
556 1414 646 1441 non
680 1407 844 1456 potest:
884 1399 957 1441 hic
989 1413 1090 1440 cum
1118 1406 1219 1441 ante
1243 1399 1409 1456 aliquot
1434 1411 1573 1441 annos

278 1454 455 1498 Parisiis
470 1461 632 1510 ageret,
659 1455 856 1497 animum
877 1455 993 1496 inter
1013 1456 1117 1497 alios
1135 1454 1306 1496 labores
1323 1453 1574 1497 utilissimos

281 1510 492 1567 applicuit
521 1511 574 1552 ad
613 1512 970 1568 componendum
1000 1511 1192 1553 Pollucis
1233 1509 1575 1553 Onomasticum

281 1581 382 1608 cum
411 1566 522 1608 binis
555 1567 775 1609 Parisinae
803 1566 1090 1609 bibliothecae
1117 1566 1311 1610 MSStis=
1340 1573 1574 1623 postquam

281 1636 391 1664 vero
411 1621 496 1679 ipsi
517 1622 797 1675 innotuisset,
835 1622 1106 1679 splendidam
1131 1623 1320 1665 Pollucis
1335 1622 1575 1664 editionem

281 1677 622 1720 Amstelaedami
641 1679 902 1734 comparari,
930 1678 984 1719 ab
1005 1678 1180 1735 incepto
1202 1692 1380 1734 prorsus
1398 1676 1577 1728 destitit,

280 1732 484 1775 inutilem
509 1733 628 1775 hunc
647 1748 778 1775 suum
796 1733 991 1775 laborem
1010 1741 1054 1775 et
1071 1734 1249 1776 inanem
1269 1733 1471 1776 futurum
1495 1746 1576 1774 ra·-

282 1796 377 1841 tus,
417 1803 519 1830 cum
549 1796 696 1830 autem
723 1803 838 1830 anno
867 1789 1104 1845 praeterito
1130 1789 1213 1833 hac
1230 1789 1484 1833 Berolinum
1502 1787 1577 1829 vir

281 1844 673 1901 praestantissimus
694 1844 922 1896 transiret,
960 1845 1130 1887 chartas
1148 1860 1247 1887 suas
1264 1844 1374 1887 mihi
1395 1859 1578 1887 conces-

284 1900 341 1941 sit
368 1899 696 1942 exscribendas:
736 1914 814 1955 ego
845 1915 951 1943 vero
977 1901 1176 1955 religioni
1205 1900 1419 1944 ducebam
1447 1900 1577 1956 quic-

284 1970 417 2011 quam
440 1956 620 1998 omnino
640 1956 901 1999 benevolum
930 1957 1132 1999 lectorem
1160 1957 1329 2008 celare,
1371 1956 1487 2011 quod
1518 1955 1577 1998 ad

284 2011 562 2068 splendorem
586 2011 767 2054 Pollucis
787 2020 831 2053 et
852 2011 1082 2054 utilitatem
1101 2013 1308 2069 prodesse
1326 2013 1576 2055 videretur:

285 2067 465 2109 schedas
494 2067 626 2124 igitur
652 2067 773 2119 illas,
812 2082 837 2109 a
862 2067 1016 2123 quibus
1041 2083 1131 2110 non
1161 2069 1502 2110 contemnendus
1521 2067 1578 2109 ad

282 2123 507 2166 Pollucem
537 2123 860 2167 redundaturus
890 2130 953 2164 est
978 2123 1169 2171 fructus,
1199 2124 1468 2167 humanitate
1484 2136 1578 2166 non

284 2179 435 2222 minus
455 2194 588 2236 quam
610 2178 854 2221 eruditione
873 2179 1095 2236 conspicui
1115 2180 1202 2223 viri
1218 2180 1450 2237 subiungo.

853 2262 949 2304 Lib.
977 2264 1012 2306 I.

287 2318 392 2353 Prior
413 2331 568 2351 numerus
589 2319 758 2364 paginam
783 2320 929 2360 indicat,
953 2319 1118 2351 secundus
1140 2331 1271 2355 uersum
1293 2319 1455 2354 editionis
1479 2319 1580 2352 Sebe-

280 2366 282 2369 '
333 2365 474 2405 rianae‚·
509 2366 631 2396 tertius
663 2377 738 2396 vero
769 2371 944 2407 segmenta
980 2365 1142 2396 editionis
1164 2373 1323 2398 nostrae.-
1357 2365 1410 2397 im
1443 2365 1579 2410 quidem

332 2414 368 2450 1,
390 2415 448 2449 20,
469 2415 502 2448 2.
526 2408 707 2453 aignffi'eat
725 2412 881 2455 paginae
900 2410 1033 2454 primae
1058 2421 1192 2442 versum
1213 2417 1271 2450 20.
1293 2411 1329 2442 in
1350 2411 1500 2443 «titione
1512 2411 1582 2443 Se·-

335 2454 406 2488 beri
416 2469 429 2497 ,·
460 2464 494 2488 et
516 2456 694 2487 sectionem
716 2457 899 2488 secundam
922 2456 1082 2488 editionis
1105 2463 1254 2494 nostrae,

376 2514 415 2569 71,
446 2534 501 2568 20.
526 2533 561 2565 2.
597 2523 760 2572 ἀσχολεῖ]
792 2537 879 2562 mss.
917 2524 1120 2572 ἆπασχολεῖ.
1156 2525 1288 2572 (Quae
1308 2524 1472 2571 profecto
1503 2536 1580 2559 non

289 2572 561 2609 contemnenda
590 2578 645 2608 est
674 2572 806 2608 lectio:
839 2574 991 2608 verbum
1019 2572 1117 2607 enim
1141 2571 1246 2607 istius
1269 2571 1398 2607 aetatis
1424 2568 1580 2616 ἀπασχα-
