1664 2950
195 98 276 140 168
736 96 806 136 lx.
871 100 939 142 84.

201 205 258 250 ἄν
295 203 429 261 ἡδέως
468 203 819 262 προσορμίσαιτο.
871 203 931 248 Τὸ
967 205 1115 262 μέντοι
1150 206 1204 252 τοὶ
1232 207 1328 265 τέλη
1355 222 1490 264 παρα-

201 271 455 328 λαμβάνειν,
495 272 632 323 εῗποις
676 270 732 315 ἂν
781 272 1011 326 πρίασθαι,
1057 274 1132 319 καὶ
1175 274 1498 332 μισθώσασθαι.“

139 338 329 394 34*Ka2
363 337 465 389 τούς
498 337 730 395 ἄρχοντας,
758 338 974 384 ἐκδιδόναι
999 339 1052 384 τὰ
1079 341 1189 399 τέλη,
1219 341 1492 398 πιπράσκειν,

201 406 275 451 καὶ
301 405 539 462 κηρύττειν,
568 405 643 449 καὶ
671 403 957 462 άπομισθοῦν.
1001 407 1065 451 Τὰ
1090 409 1138 453 δὲ
1164 409 1266 464 περὶ
1301 407 1406 460 τούς
1434 413 1494 453 λι·

203 472 334 529 μένας
359 471 488 530 μέρη,
519 473 692 528 δεῖγμα,
721 475 864 530 χῶμα,
893 473 1123 530 ἐμπόριον·
1167 476 1241 520 καὶ
1277 476 1338 528 ῶς
1367 475 1520 523 ‘Tace-5

205 541 325 596 ρίδης
365 540 519 597 φησὶν,
548 539 774 595 ἐξαίρεσις,
813 539 928 585 ὅπου
966 541 1022 585 τὰ
1059 544 1218 599 φορτία
1255 543 1494 601 ἐξαιρεῖται.

206 607 348 663 ὥσπερ
385 606 460 652 καὶ
492 604 543 650 τὸ
583 608 757 663 δεῖγμα,
785 607 982 665 τοῦνομα
1010 607 1096 654 «imi
1123 613 1206 654 τοῦ
1233 613 1384 668 δεῖγμα
1407 615 1497 656 τῶν

206 672 435 730 ἀγωγίμων
468 677 560 724 τοῖς
602 672 816 731 ω’νητιῶσι
843 674 1070 729 δεδόσθαι,
1098 675 1197 732 παρ’
1218 676 1422 736 Ὑπερίδῃ
1450 678 1498 723 έν

204 746 297 793 τοῖς
324 741 434 797 ὑπὲρ
460 744 543 785 τοῦ
569 743 782 798 ταρίχους.
834 745 927 786 Τοῦ
956 741 1002 787 δ’
1039 743 1250 800 ἐμπορίου
1278 743 1398 800 μέρη,
1425 760 1499 788 κα-

206 812 379 865 πηλεῖα,
414 808 488 853 καὶ
525 814 727 864 πορνεῖα,
757 808 786 852 ἃ
821 810 895 854 καὶ
928 810 1139 867 οἰκήματα
1177 810 1233 855 ἄν
1265 827 1329 863 τις
1364 813 1554 860 εἴποι-ιο

206 876 281 920 καὶ
305 875 354 920 τὸ
383 879 552 932 πλῆθος
578 875 632 920 οὐ
659 876 866 921 ναυτικόν
893 877 1052 934 μόνον,
1093 877 1201 922 ὅσον
1236 877 1283 921 έν
1315 882 1406 930 τοῖς
1433 893 1501 922 πε-

213 942 258 998 ρὶ
294 945 407 986 νεῶν
443 943 558 987 ἐστιν
586 944 831 1000 εἰρημένον,
862 943 950 989 ἀλλ’
981 944 1176 1000 ἔμποροι,
1202 944 1276 988 καὶ
1301 942 1500 1001 κάπηλοι,

150 1011 203 1054 55
215 1008 288 1053 καὶ
323 1008 406 1052 ὅσα
440 1009 544 1066 ἔχεις
569 1010 617 1055 ἐν
643 1015 734 1063 τοῖς
760 1012 857 1067 περὶ
883 1011 960 1063 τὰς
987 1011 1144 1068 τέχνας.
1199 1009 1296 1055 *Tui
1330 1010 1376 1055 δὲ
1403 1013 1502 1067 περὶ
1565 1035 1569 1038 -

207 1079 280 1132 τῆς
308 1075 473 1128 πόλεως
500 1077 620 1134 μέρη,
647 1082 806 1134 τεῖχος·
835 1079 908 1122 καὶ
933 1078 988 1123 τοὶ
1014 1080 1180 1134 τείχους
1206 1078 1327 1135 μέρη,
1357 1076 1387 1121 ἃ
1411 1083 1503 1130 τοῖς

211 1149 531 1198 στρατιωτικοῖς
559 1145 794 1202 ἐνέγραψα·
821 1148 896 1190 καί
922 1161 1009 1189 που
1037 1144 1185 1196 πύλαι,
1210 1143 1289 1190 Δκαὶ
1317 1146 1500 1197 πυλίδες·

210 1210 284 1254 καὶ
312 1210 356 1253 οἱ
385 1210 658 1267 ἐφεστηκότες
685 1211 878 1266 τούτοις,
905 1212 1119 1268 πυλωροί·
1170 1210 1231 1262 ὥς
1268 1213 1313 1255 οἱ
1339 1211 1387 1255 ἐν
1412 1217 1504 1264 τοῖς
1515 1217 1557 1254 15

210 1278 384 1332 τείχεσι,
411 1277 734 1334 τειχοφύλακες·
769 1279 844 1323 καὶ
881 1278 934 1323 τοὶ
969 1279 1078 1335 μέρη
1112 1281 1201 1321 τῶν
1234 1282 1404 1332 πυλῶν,
1431 1281 1505 1324 καὶ

211 1348 301 1388 τῶν
340 1349 517 1400 θυρῶν,
553 1347 744 1398 σανίδες,
781 1346 855 1389 καὶ
890 1345 1070 1403 πτύχες,
1107 1345 1182 1390 καὶ
1217 1347 1393 1401 θαιροὶ,
1431 1348 1506 1391 καὶ

215 1416 440 1468 στροφεῖς,
474 1412 548 1456 καὶ
579 1412 660 1456 ὅσα
680 1412 882 1469 εὑρήσεις
908 1413 956 1457 ἐν
981 1418 1074 1464 τοῖς
1098 1411 1198 1468 περὶ
1225 1413 1411 1456 οἰκιῶν*
1451 1415 1506 1458 εἴ-·

215 1490 276 1523 σω
315 1480 362 1524 δὲ
388 1477 708 1535 παρελθόντων,
739 1479 788 1524 τὸ
819 1481 897 1537 μὲν
924 1479 1110 1537 σύμπαν,
1138 1479 1337 1535 ἐντείχιος
1361 1478 1508 1532 τόπος,
1550 1486 1554 1489 “

216 1547 315 1590 εἴσω
353 1548 543 1602 τείχους,
570 1549 644 1591 καὶ
673 1546 792 1599 ἐντὸς
818 1549 1005 1605 τείχους·
1033 1546 1088 1590 τά
1116 1546 1163 1590 δὲ
1195 1545 1336 1598 ἔνδον,
1362 1545 1563 1603 άγυιαὶὲο

216 1613 315 1670 μὲν,
351 1612 460 1657 κατά
497 1614 773 1671 Ξενοφῶντα,
801 1615 876 1659 καὶ
900 1613 1010 1659 καθ’
1040 1613 1257 1670 ’Όμηρον
1289 1611 1362 1669 ἀφ’
1390 1609 1452 1657 ῶν
1477 1613 1505 1671 ἦ

217 1678 458 1736 εὐρυάγυια
479 1679 653 1740 Ὁμήρῳ
680 1683 925 1739 πεποίηται,
966 1680 1040 1725 καὶ
1063 1679 1276 1725 Ἀπόλλων
1305 1677 1507 1736 Ἀγυιεύς.

156 1748 383 1794 36*ταῦτα
423 1747 470 1791 δὲ
507 1748 581 1792 καὶ
630 1747 807 1806 ἅμφοδά
843 1749 957 1793 ἐστιν
993 1747 1137 1804 εὑρεῖν
1182 1746 1416 1803 κεκλῃμένα
1451 1745 1507 1790 ού

215 1812 320 1868 παρ’
347 1812 644 1870 Ἀριστοφάνει
679 1813 832 1872 μόνον,
861 1813 1025 1858 εἰπόντι
1059 1814 1107 1858 ἐν
1138 1812 1508 1870 Θεσμοφοριαζού·
1576 1821 1579 1823 ’

216 1891 332 1931 σαις,
368 1879 572 1936 ἄμφοδον
599 1881 727 1938 ἐχρῆν
754 1879 873 1938 αὐτῷ
902 1885 1121 1924 τεθεῖσθαι
1150 1879 1367 1936 τοῦνομα·
1397 1878 1507 1924 α’λλά

215 1947 290 1991 καὶ
326 1945 423 2001 παρ’
457 1946 656 2003 Ὗπερίδῃ
694 1946 742 1990 ἐν
775 1950 838 2004 τῷ
875 1946 973 2003 περὶ
1000 1945 1258 1997 ἀντιδόσεως
1284 1944 1396 2003 πρὸς
1422 1950 1562 1991 Hoc-25

219 2011 377 2064 σικλέα,
404 2011 483 2069 τὴν
513 2014 654 2055 οἰκίαν
680 2011 759 2069 τὴν
792 2011 991 2070 μεγάλην,
1021 2012 1101 2069 τὴν
1127 2014 1326 2069 Χαβρίου
1353 2017 1510 2057 καλου-

220 2078 375 2136 μένην,
412 2079 485 2122 καὶ
522 2078 571 2122 τὸ
612 2079 836 2135 ἄμφοδον·
885 2083 1059 2123 καλοῖτο
1099 2078 1144 2123 δ’
1170 2079 1229 2123 ἂν
1254 2079 1329 2124 καὶ
1368 2084 1510 2137 κῶμαι

217 2149 374 2189 ταῦτα·
427 2144 534 2190 ὅθεν
568 2147 641 2190 καὶ
679 2144 877 2202 κωμήτας
910 2144 1014 2197 τούς
1049 2148 1245 2202 γείτονας
1270 2148 1344 2191 καὶ
1370 2147 1511 2205 κωμή·

218 2214 340 2264 τιδας
377 2211 611 2269 (ὀνόμαζον.
659 2211 965 2269 Ἀριστοφάνης
998 2217 1109 2269 γοῦν
1143 2213 1191 2263 ἐν
1227 2213 1306 2270 μὲν
1332 2213 1513 2271 Δράμα-

220 2291 291 2324 σιν
323 2279 353 2336 ἢ
405 2280 452 2323 ἐν
486 2279 724 2338 Κενταύρῳ
763 2279 869 2336 ἔφη,
907 2279 953 2325 ἐν
990 2277 1198 2336 κωμήτισι
1233 2286 1443 2338 καπηλοῖς
1475 2292 1512 2325 τ·

218 2347 464 2404 ἐπίχαρτον·
493 2346 541 2390 ἐν
569 2346 616 2391 δὲ
643 2345 937 2403 Λυσιστράτῃ,
974 2346 1086 2402 πλήν
1118 2348 1160 2391 εἴ
1189 2363 1238 2404 γε
1274 2347 1334 2405 μὴ
1370 2347 1567 2406 ammi-80

162 2421 216 2462 37
226 2430 309 2470 της.
366 2412 490 2456 *Ἴων
517 2414 564 2458 δὲ
591 2414 640 2459 έν
671 2414 840 2458 Φοίνικι
867 2412 1142 2470 σαφέστερον,

303 2477 403 2524 ἄλλ’
434 2475 467 2523 ὦ
493 2478 719 2535 θυρέτρων
745 2481 879 2523 τῶνδε
905 2483 1096 2536 κωμῆται
1121 2480 1232 2524 θεοί.

180 2553 182 2555 ’
221 2551 356 2605 Δοκεῖ
389 2545 436 2591 δέ
472 2562 547 2603 μοι
581 2545 654 2589 καὶ
693 2545 717 2589 ὁ
754 2550 898 2603 κῶμος
936 2545 1022 2590 α’πό
1059 2545 1215 2604 ταύτης
1256 2544 1512 2608 ω’νομάσθαι
1567 2540 1573 2552 ’
