1664 2950
270 97 355 151 256
839 104 892 147 V.
947 107 1014 151 58.

273 214 406 272 ἰνώδη
425 212 477 259 τὰ
498 212 695 258 κάτωθεν
715 216 795 257 τοῦ
816 213 1025 271 μετώπου.
1045 214 1094 260 τὸ
1108 215 1303 274 μέτωπον
1319 214 1472 270 πλατύ,
1491 214 1568 268 τὰς

274 284 507 351 διακρίσεις
520 279 708 336 ἀκριβῶς
720 281 827 337 ἕχον.
843 283 1026 338 κεφαλαὶ
1040 285 1208 340 κοῦφαί
1225 300 1269 328 τε
1285 284 1356 328 καὶ
1370 283 1566 339 εὔφοροι.

276 352 468 407 ὄμματα,
500 347 702 405 μετέωρα,
734 345 918 402 μέλανα,
959 352 1197 406 στίλβοντα.
1235 348 1483 408 λάμπουσαι
1523 350 1569 394 αἱ

275 418 417 478 κόραι.
455 416 652 474 πυρῶδες
684 414 733 458 τὸ
762 415 947 472 βλέμμα.
994 412 1104 469 ὦτα,
1132 417 1281 471 λεπτὰ,
1321 419 1395 463 καὶ
1419 433 1566 483 μικρα,

276 484 351 529 καὶ
377 483 499 536 ψιλοὶ
512 481 704 526 οπισθεν.
729 483 964 539 τράχηλος,
995 483 1178 541 μακρὸς,
1212 484 1368 543 ύγρός,
1395 500 1564 540 περιφε·
1574 495 1595 531 5

217 553 270 597 58
282 550 371 609 ρής.
410 549 567 606 στήθη,
607 549 823 633 εὔσαρκα,
863 549 1083 607 εὐρύτερα.
1129 552 1204 594 *at
1242 551 1288 595 δὲ
1323 549 1570 609 ώμοπλάται

274 624 364 663 τῶν
395 618 522 674 ώμων
550 619 707 673 μικρὸν
736 617 1101 674 ἀφεστηκέτωσαν.
1131 617 1266 674 σκέλη,
1296 618 1473 676 ἑκάτερα
1492 633 1570 676 μεν

275 685 444 742 ὑψηλοὶ,
472 686 595 741 μείζω
625 685 671 729 δὲ
696 684 749 729 τὰ
769 684 1016 738 ἐξόπισθεν.
1046 683 1155 728 ἀλλά
1181 688 1318 730 ταῦτα
1350 686 1429 742 μὲν
1476 685 1570 730 ’ἐπί-

277 763 418 810 ρικνα.
446 751 500 795 τοὶ
529 751 574 795 δὲ
603 749 808 806 πρόσθεν,
837 750 976 806 ὀρθὰ,
1003 750 1186 808 στιφρά,
1218 752 1484 808 στρογγύλα,
1510 750 1569 808 μή

278 819 525 876 προῦχοντα
559 817 669 862 κατὰ
697 817 801 870 τούς
830 817 1037 875 ἀγκῶνας.
1075 821 1121 863 αἱ
1149 820 1333 875 πλευραὶ
1360 819 1406 863 δὲ
1449 819 1571 863 ἔστω·
1581 833 1625 868 10

278 901 363 934 σαν
391 884 751 942 προεσταλμέναι,
781 887 854 929 καὶ
882 884 940 943 μὴ
978 885 1090 940 πρὸς
1119 885 1200 942 τὴν
1225 891 1308 943 γῆν
1334 885 1572 943 βαθυνόμε-

277 974 363 1001 ναι.
419 958 493 1010 τῆς
531 952 576 996 δὲ
616 951 783 1007 ὀσφύος
825 952 906 998 οὐκ
937 953 1074 1009 οὔσης
1115 952 1324 1009 ἀσάρκου,
1357 954 1406 999 τὸ
1435 952 1573 1011 ὑγρὸν

278 1023 417 1079 πάντη
458 1020 533 1065 καὶ
558 1018 607 1062 τὸ
636 1025 852 1072 παντελῶς
880 1020 1067 1078 σκληρόν
1113 1021 1271 1077 ὁμοίως
1294 1019 1474 1066 ἀπέστω.
1502 1025 1573 1065 λα·

279 1091 423 1148 γόνων
451 1090 497 1132 δὲ
523 1086 700 1143 ἄριστον
726 1086 776 1131 τὸ
806 1087 1001 1144 μέτριον,
1034 1087 1092 1140 ώς
1120 1088 1290 1133 ἀπεῖναι
1314 1087 1494 1146 μέγεθός
1526 1103 1573 1132 τε

219 1154 272 1198 59
283 1158 356 1203 καὶ
386 1154 654 1213 σμικρότητα.
695 1159 808 1199 *τῶν
835 1156 880 1200 δὲ
919 1157 1066 1212 ἰσχίων
1103 1155 1380 1212 στρογγύλων
1419 1156 1568 1209 ὄντων,
1583 1169 1625 1204 15

277 1225 331 1270 τὰ
359 1224 437 1280 μὲν
461 1221 642 1267 κατόπιν
670 1222 774 1266 ἔστω
804 1222 1027 1280 σαρκώδη,
1065 1222 1119 1268 τά
1147 1224 1194 1268 δὲ
1223 1223 1395 1268 ἄνωθεν
1442 1219 1572 1278 ἀσύν-
1605 1246 1611 1249 -

279 1296 400 1344 δετα,
441 1291 619 1335 ἔνδοθεν
655 1288 989 1344 προεσταλμένα.
1025 1295 1229 1344 κενεῶνες
1267 1292 1314 1336 δὲ
1375 1288 1501 1334 αὐτοί
1518 1285 1572 1332 ’τε

279 1359 464 1416 λαγαροὶ
523 1357 596 1401 καὶ
629 1355 682 1400 τοὶ
710 1354 907 1400 κάτωθεν
936 1354 1092 1403 αύτῶν.
1130 1357 1282 1415 ούραῑ,
1319 1356 1571 1414 προμήκεις,

279 1426 441 1472 εὐθεῖαι
457 1458 469 1478 ,
509 1423 662 1476 ὀξεῖαι,
707 1425 891 1479 λιγυραί.
949 1430 1166 1481 μηριαῖαι,
1202 1426 1393 1482 σκληραί.
1444 1423 1498 1468 τὰ
1526 1425 1573 1469 δὲ

278 1492 517 1543 ὑποκώλια,
537 1494 758 1546 περιφερῆ,
789 1492 862 1535 καὶ
878 1492 1078 1549 προμήκη
1093 1509 1138 1538 τε
1152 1493 1226 1538 καὶ
1253 1492 1426 1549 εὐπαχῆ.
1455 1506 1627 1547 περι-20

280 1565 428 1619 φερεῖς
468 1559 514 1603 δὲ
552 1560 595 1603 οἱ
639 1556 779 1610 πόδες.
846 1559 1031 1616 εὔτριχες
1066 1557 1108 1606 δ’
1146 1560 1347 1604 ἔστωσαν.
1414 1559 1489 1604 καὶ
1518 1558 1573 1602 τά
1596 1581 1618 1597 .-

283 1627 527 1685 τριχώματα
575 1623 726 1678 αὐταῖς
775 1627 1028 1671 δασυνέσθω
1098 1631 1248 1686 λεπτῇ
1291 1627 1366 1672 καὶ
1401 1629 1573 1685 μαλακῇ

220 1691 356 1741 6οκαὶ
394 1697 537 1750 πυκνῇ
578 1696 632 1750 τῇ
680 1695 801 1748 τριχί.
858 1697 1091 1738 ιλἰτοιαῦται
1129 1694 1175 1738 δὲ
1203 1689 1332 1739 οὖσαι
1384 1698 1573 1752 φανοῦν-

279 1780 351 1807 ται
380 1761 577 1816 ἐλαφραὶ,
614 1757 840 1812 ποδώκεις,
870 1762 1086 1816 δρομικαὶ,
1123 1761 1336 1818 εὔστομοι,
1367 1761 1572 1806 εύθύστο-

281 1847 369 1887 μοι.
425 1828 499 1872 καὶ
526 1827 619 1884 ἥκει
645 1826 754 1870 κατὰ
781 1826 936 1884 μικρὸν
964 1827 988 1871 ὁ
1024 1827 1153 1884 λόγος
1179 1827 1248 1871 ἐπὶ
1284 1827 1361 1880 τοὶς
1386 1832 1462 1885 τῆς
1494 1835 1626 1881 πρυ-25

279 1901 356 1954 χῆς
393 1894 536 1939 αὐτῶν
574 1893 752 1948 ἀρετὰς,
792 1895 1049 1950 ἀποφαίνων
1081 1893 1184 1945 τούς
1221 1893 1357 1947 κύνας
1398 1901 1574 1952 θυμοει-
1643 1937 1646 1940 Α

282 1966 389 2014 δεῖς,
427 1959 734 2017 εὐαισθήτους,
775 1961 1080 2018 ἐθελουργούς,
1118 1960 1343 2014 ἀπλανεῖς,
1381 1961 1573 2019 θυμοσό-

283 2046 418 2088 φους,
449 2027 614 2084 σοφὰς,
648 2028 839 2083 εὔρινας,
871 2029 1077 2081 εὔποδας,
1116 2028 1245 2082 ὀξεῖς,
1287 2029 1570 2086 φιλοπόνους,

281 2095 518 2152 εὐψύχους,
564 2096 790 2152 ἐγκρατεῖς.
846 2098 966 2148 οἴους
1004 2095 1208 2151 ἁρπάζειν
1244 2097 1323 2154 μὲν
1357 2096 1410 2141 vo?
1446 2095 1574 2142 πνεύ-
1597 2107 1621 2130 ’«

284 2180 409 2222 ματα,
437 2164 602 2217 κρίνειν
637 2163 682 2207 δὲ
719 2162 795 2214 τάς
833 2162 990 2219 ὀσμὰς,
1033 2163 1287 2208 ἐπευθύνειν
1314 2164 1360 2209 δὲ
1385 2163 1440 2208 τὰ
1465 2165 1628 2221 ἴχνη,3ο

281 2233 546 2287 καταφωρᾶν
606 2229 652 2274 δὲ
719 2228 769 2273 τό
838 2232 1020 2287 θηρίον,
1083 2231 1291 2287 μετιέναι,
1350 2236 1573 2288 μεταθεῖν,

283 2298 581 2358 μεταδιώκειν,
632 2295 857 2352 μεθέπειν,
911 2297 1021 2341 κατά
1060 2296 1197 2350 πόδας
1240 2303 1417 2356 χωρεῖν,
1466 2297 1574 2341 ὑπο·

282 2365 483 2422 κρυφθὲν
521 2364 795 2420 ἐξευρίσκειν,
824 2364 1056 2421 πρσοφθὲν
1083 2365 1270 2417 διώκειν,
1293 2363 1574 2420 καταληφθὲν

224 2438 276 2480 61
290 2436 438 2488 αἱρεῖν.
492 2431 775 2486 *φροντίζειν
809 2447 887 2486 μεν
921 2431 1029 2475 κατὰ
1065 2432 1143 2489 τὴν
1179 2432 1346 2490 ζήτησιν
1381 2435 1468 2476 τῶν
1505 2428 1574 2474 ὀσ-

287 2504 394 2558 μῶν,
443 2495 667 2553 ἡσυχάζειν
713 2498 759 2542 δὲ
798 2513 907 2542 κατα
954 2515 1032 2555 την
1093 2499 1264 2555 εὕρεσιν
1307 2514 1395 2543 των
1430 2499 1571 2553 ἰχνῶν.
1579 2512 1640 2552 35

286 2569 573 2624 προηγεῖσθαι
609 2565 656 2610 δὲ
681 2569 744 2622 τῷ
770 2569 975 2622 θηρευτῇ,
1001 2581 1085 2610 καν
1121 2566 1250 2625 ἐγγύς
1275 2563 1306 2626 ᾗ
1341 2569 1417 2624 τῆς
1453 2562 1574 2609 ἀνευ-
