1664 2950
278 111 366 153 >60
601 105 841 149 TIBERII
877 104 1319 148 HEMSTERHUIS

317 220 511 266 niensem
531 217 743 259 thronum
763 214 1096 271 adipisceretur,
1125 213 1291 271 liquide
1314 228 1395 259 nec
1418 230 1506 265 uno
1535 217 1609 260 lo-

317 292 368 322 co
391 280 569 317 testatur
586 271 817 324 Libanius,
847 270 971 312 cuius
989 270 1088 312 ideo
1106 271 1240 314 verba
1262 273 1492 329 protulisse
1512 288 1605 329 pre-

317 332 428 374 tium
459 329 544 371 erit
574 342 755 384 operae,
801 325 916 381 quod
948 326 1181 368 Cresollius
1200 327 1415 374 omiserit:
1439 328 1534 372 ἐπεὶ
1559 330 1607 372 δὲ

319 386 460 431 ἐδόκει
471 383 666 440 μέγιστον
678 380 787 425 εἶναι
797 379 972 436 θρόνων
981 380 1102 433 ἄξιον
1117 386 1204 426 τῶν
1214 379 1462 439 Ἀθηναίων
1470 400 1570 440 κεκρ
1575 387 1606 427 ί-

317 448 435 493 σθαι,
444 441 515 484 καὶ
521 442 649 482 τοῦτο
662 439 928 494 φροντίσασα
938 435 964 493 ἡ
973 436 1076 494 τύχη
1088 437 1244 483 δέδωκε
1252 443 1408 484 τοῦτον
1422 439 1498 484 τὸν
1507 439 1602 496 τρό-

317 511 417 544 πον·
435 497 542 539 haec
557 495 604 536 in
623 510 672 536 eo
685 494 812 542 libro,
828 508 957 550 quem
974 494 1029 536 dc
1048 495 1226 552 propria
1241 495 1331 536 vita
1348 496 1609 553 composuit:

318 553 522 599 meminit
539 549 731 593 eiusdem
753 550 818 591 rei
837 550 982 606 paucis
1000 549 1254 592 interiectis:
1279 549 1458 606 θρόνων
1476 551 1522 595 δὲ
1549 549 1606 595 οὐ

315 606 579 663 (δυνηθέντες
590 603 892 662 ἀντιλαβέσθαι
911 603 1079 649 αὐτόθι·
1092 607 1305 662 pauloque
1319 607 1525 650 inferius:
1549 606 1608 658 ὥς

318 664 400 721 γὰρ
413 662 465 719 δὴ
486 662 686 717 ἐνέβαλον
704 662 764 711 εἰς
779 661 858 717 τὴν
876 658 1053 717 ἀγορὰν,
1073 659 1165 716 ὁρῶ
1184 677 1282 704 τινα
1307 662 1603 719 Καππαδόκην

319 720 480 778 ἥκοντα
491 718 558 761 ἐπὶ
569 716 748 772 θρόνον,
759 716 962 773 βασιλέως
980 718 1232 773 πέμποντος·
1250 717 1508 762 adhucdum!
1522 720 1607 775 igi-

319 786 395 819 tur
424 782 563 816 aetate
588 774 756 817 Libanii
786 775 992 816 Caesares
1016 774 1135 817 hunc
1157 773 1369 816 honorem
1395 775 1606 817 decerne-

319 832 444 883 bant,
457 830 572 884 quod
595 829 805 872 eruditiss.
816 830 1025 872 Cresollio
1042 830 1310 872 contrarium
1325 830 1486 886 est.qui
1504 845 1607 874 mo-

319 902 416 933 rem
445 886 569 928 illum
601 886 739 927 multo
767 885 886 942 prius
916 886 1144 928 evanuisse
1171 886 1390 933 contendit
1416 887 1462 928 in
1477 886 1603 945 Rhet:

320 944 502 987 Theatr.
534 942 603 985 lv.
633 957 669 983 c.
701 953 736 984 2.
767 942 878 984 adde
905 940 1078 983 Philost.
1109 941 1156 983 in
1185 941 1355 984 Philisci
1383 943 1494 984 vita:
1523 958 1605 985 nec

320 1007 471 1042 tamen
508 1013 593 1040 non
635 1005 825 1049 constat,
870 997 1039 1053 saepius
1084 995 1343 1053 optimatum
1390 997 1604 1054 suffragiis

319 1054 528 1111 sophistas
557 1052 611 1095 ad
642 1053 849 1096 thronum
880 1068 970 1095 esse
1000 1054 1153 1096 lectos:
1181 1053 1255 1095 sed
1280 1053 1604 1097 observandum

319 1111 460 1158 obiter
487 1109 705 1167 prioribus
731 1109 778 1151 in
805 1109 908 1152 locis
934 1109 1129 1165 θρόνους
1155 1123 1244 1151 non
1263 1116 1429 1152 temere
1447 1109 1606 1152 dixisse

318 1165 573 1218 Libanium‚·
602 1166 747 1230 plures
777 1165 916 1217 enim,
945 1166 1060 1222 quod
1091 1165 1180 1208 iam
1213 1166 1388 1214 notavi,
1425 1165 1605 1210 Athenis

320 1229 447 1265 erant
474 1221 643 1264 throni:
687 1221 745 1262 ita
773 1221 996 1263 Platonem
1026 1221 1311 1263 Gerasensem
1338 1222 1482 1277 legum
1510 1221 1604 1264 vim

319 1288 365 1323 et
393 1277 687 1320 necessitatem
716 1277 764 1319 in
791 1277 952 1329 causis,
980 1277 1218 1319 actionibus
1246 1285 1291 1319 et
1317 1277 1498 1332 θρόνοις
1524 1292 1606 1319 ve·-

317 1336 548 1379 henienter
585 1331 826 1375 defendisse
853 1340 981 1388 atque
1011 1333 1327 1375 demonstrasse
1354 1333 1600 1389 Stephanus

315 1391 364 1433 in
393 1389 564 1445 Γέρασα
594 1396 920 1433 commemorat.
985 1389 1069 1432 Sed
1105 1390 1170 1431 ad·
1196 1401 1384 1431 examen
1419 1403 1601 1431 accura-

316 1447 402 1490 tius
437 1444 681 1488 revocanda
719 1451 822 1485 sunt
862 1444 934 1486 illa
970 1445 1194 1487 Pollucea:
1239 1443 1319 1490 τὸν
1343 1443 1421 1501 μὲν
1449 1443 1496 1488 ἐκ
1521 1446 1603 1487 τοῦ

316 1501 485 1558 θρόνου
512 1501 710 1557 λέγοντα,
740 1498 816 1543 τὸν
845 1499 889 1544 δὲ
917 1497 1200 1556 ὀρθοστάδην·
1229 1502 1276 1544 in
1305 1501 1460 1556 quibus
1489 1501 1604 1542 inter

316 1566 411 1600 sese
450 1557 636 1615 opponit
671 1556 720 1599 ἐκ
754 1559 834 1600 τοῦ
870 1556 1038 1610 θρόνου
1073 1555 1210 1611 λέγειν
1245 1564 1288 1599 et
1317 1554 1602 1611 ὀρθοστάδην·

317 1614 475 1656 merito
517 1613 716 1668 quidem:
760 1611 956 1654 sedentes
993 1611 1110 1655 enim
1139 1627 1163 1653 e
1190 1613 1351 1654 throno
1381 1613 1602 1654 declama-

251 1667 305 1708 28
317 1669 435 1721 bant,
465 1675 516 1709 ut
542 1667 732 1710 ubertim
761 1667 906 1708 docuit
925 1667 1159 1724 politissimi
1178 1667 1248 1709 vir
1265 1668 1442 1724 ingenii,
1469 1682 1603 1724 quem

317 1726 487 1781 saepius
516 1722 760 1773 nominavi,
799 1722 1030 1764 Cresollius
1059 1722 1135 1764 lib.
1164 1722 1235 1766 111.
1265 1737 1359 1779 cap.
1390 1729 1456 1767 13.
1514 1722 1602 1766 Sed

316 1778 654 1837 appositissimus
685 1785 750 1818 est
776 1777 831 1818 ad
859 1791 953 1819 rem
981 1786 1172 1819 nostram
1202 1777 1451 1823 Philostrati
1479 1778 1599 1820 locus

315 1836 364 1880 in
400 1834 676 1891 Scopeliano:
722 1831 930 1887 διελέγετο
964 1831 1042 1887 μὲν
1073 1829 1158 1875 ἀπὸ
1197 1836 1278 1877 τοῦ
1318 1833 1486 1889 θρόνου
1521 1833 1600 1885 ξὺν

317 1889 538 1947 ἁβρότητι·
577 1888 643 1932 ὅτε
681 1887 727 1932 δὲ
762 1885 897 1943 ὀρθὸς
923 1888 1148 1943 διελέγετο,
1186 1888 1448 1946 ἐπιστροφήν
1474 1905 1518 1933 τε
1547 1885 1601 1932 εἴ·

317 1962 389 2003 χεν
419 1943 442 1989 ὁ
472 1944 597 2000 λόγος
623 1944 696 1987 καὶ
723 1943 908 2000 ἔῤῥωτο·
951 1959 1141 2000 quorum
1169 1946 1279 1987 mihi
1306 1960 1481 1987 sensum
1510 1959 1600 1988 non

316 2003 401 2047 rite
422 2001 657 2044 Cresollius
688 1999 864 2042 videtur
891 2007 1168 2055 assequutus:
1198 2001 1306 2043 haec
1333 2000 1448 2043 enim
1475 2002 1601 2058 posi-

316 2065 440 2101 turus
474 2056 578 2098 talia.
614 2055 858 2113 praefatur:
898 2056 1047 2100 Porro
1083 2057 1309 2114 sophistae
1347 2057 1483 2116 vulgo
1514 2056 1598 2098 de·-

319 2112 618 2155 clamitabant
644 2111 866 2159 sedentes,
914 2112 1006 2155 nisi
1029 2111 1149 2168 forte
1180 2113 1226 2155 in
1248 2113 1456 2170 graviori
1483 2127 1597 2171 qua-

316 2168 425 2210 clam
452 2165 807 2224 amplificatione
837 2174 1131 2227 exurgerent.-
1159 2168 1358 2210 videmus
1380 2184 1481 2211 eum
1503 2183 1599 2210 cen-
1663 2203 1664 2207 ,

315 2225 450 2265 suisse
484 2225 535 2264 ad
571 2237 703 2264 unam
744 2234 926 2279 utraque
961 2224 1201 2266 orationem
1236 2239 1326 2273 esse
1351 2223 1597 2276 referenda,

316 2294 426 2332 quae
461 2278 644 2319 dixerim
675 2293 750 2332 ego
780 2279 834 2319 ad
864 2279 971 2321 duas
999 2279 1156 2321 diversi
1182 2279 1350 2335 generis
1377 2280 1599 2322 declama-

313 2335 451 2376 tiones
472 2333 715 2389 pertinere:
745 2334 1030 2377 Philostratus
1060 2335 1177 2379 enim
1209 2334 1398 2392 exponit,
1424 2335 1597 2378 sirecte

313 2389 509 2432 animum
537 2389 744 2442 attendas,
774 2397 818 2431 et
845 2405 977 2446 quam
1005 2391 1275 2434 molli-vocis
1302 2390 1597 2434 modulatione

312 2445 595 2501 Scopelianus
625 2458 649 2484 e
679 2444 836 2486 throno
865 2447 1184 2500 pronunciaret,
1213 2455 1258 2489 et
1284 2447 1457 2502 quantis
1486 2445 1596 2487 viri-

311 2501 392 2543 bus
421 2515 470 2542 ac
498 2513 691 2556 quonam
721 2500 890 2543 dicendi
917 2502 1074 2544 robore
1103 2509 1219 2545 stans
1239 2509 1368 2558 atque
1386 2501 1593 2544 athrono

308 2563 504 2600 remotus
533 2556 806 2600 declamaret.
860 2557 1108 2613 Praeterea,
1147 2558 1442 2602 coniecturam
1474 2556 1596 2600 enim
