1670 3008
228 85 312 127 246
766 84 837 125 IX.
895 88 988 129 142.
1050 79 1054 82 ’

146 194 226 236 142
237 191 495 248 ἆρπεδόναι,
531 191 692 248 σειραὶ,
724 194 925 249 σειρίδες,
953 192 1153 240 πλεκταί·’
1194 196 1409 253 1*πλεκτὴν
1441 196 1529 253 γάρ

228 261 273 303 οἱ
299 257 476 302 ’Λττικοὶ
504 258 585 316 τὴν
613 259 764 316 σειρὰν
791 259 1042 317 ω’νόμαζον,
1071 261 1129 314 ὥς
1158 263 1344 308 Πλάτων
1372 263 1530 308 {ufm-

227 325 345 379 λάδι,
379 324 533 383 βούλει
558 326 639 384 τήν
666 327 712 372 δέ
736 339 822 385 σφι
849 328 1033 386 πλεκτὴν
1059 327 1198 382 κάθω,
1228 329 1389 375 κᾶπειτ’
1417 331 1535 375 ένελ-,

226 393 346 438 κύσω
374 406 422 439 σε
447 396 601 450 δεῦρο,
629 394 832 448 πελέκεις,
862 395 1024 451 δέραια,
1054 396 1317 452 περιδέραια.
1346 397 1531 456 τελαμω-

226 478 323 514 νια,
353 460 544 518 ῥόπαλα,
572 461 802 518 σκυτάλαι,
832 462 1008 519 ξυήλαι,
1037 462 1283 518 άρνακίδες,
1311 461 1436 522 ἧλοι,
1463 465 1556 521 ἔην-5

228 531 456 585 κεντρίδες.
511 529 795 586 Στρατιωτου
823 530 869 574 δὲ
898 529 1052 587 σκεύη,
1080 529 1237 591 ἀσπὶς,
1261 533 1416 589 πέλτη,
1442 531 1537 576 θεόσ

230 598 331 651 ραξ,
356 596 680 654 ἡμιθωράκιον,
712 597 898 649 σπολὰς,
925 596 1108 654 κράνος,
1129 597 1274 654 κόρυς,
1301 599 1530 656 περικεφά-

230 667 354 717 λαια,
383 663 546 721 λόφος,
569 664 803 720 τριλοφία,
832 668 988 721 χεῖρες.
1019 669 1229 722 κνημῖδες,
1257 669 1388 721 πίλοι,
1414 667 1531 721 τόξα,

231 732 358 787 βέλη,
385 731 643 788 τοξεύματα,
673 732 833 785 ὀϊστοὶ,
862 732 1082 789 φαρέτρα,
1108 731 1359 791 ὀϊστοδόκη,
1395 732 1531 780 ὀϊστο·

233 798 361 856 θήκη,
389 799 597 856 γωρυτὸς,
619 804 926 857 φαρετρεῶνες,
955 801 1029 845 καὶ
1055 805 1131 857 τῆς
1148 799 1340 854 ’ἀσπίδος
1365 800 1415 846 τὰ
1445 802 1587 862 ἕλει-10

147 865 226 907 143
236 882 343 922 τρον
371 865 535 922 σάγμα,
563 867 637 911 καὶ
664 871 745 911 τοῦ
771 867 962 923 κράνους
987 867 1016 925 ἡ
1043 868 1157 926 θήκη
1182 873 1383 925 λοφεῖον·
1421 868 1533 914 *66-

233 950 366 989 ρατα,
396 932 597 986 ἀκόντια,
627 932 936 991 ἀκοντίσματα,
965 938 1138 980 κοντοί·
1175 938 1250 981 καὶ
1275 935 1326 982 τὸ
1353 939 1435 980 τοῦ
1462 935 1534 982 δό-

233 1017 366 1056 ρατος
395 1001 640 1054 ίστάνενον,
681 1001 934 1058 σαυρωτήρ,
961 1003 1034 1048 καὶ
1063 1003 1247 1059 στύραξ,
1269 1004 1351 1048 καὶ
1378 1002 1534 1058 στυρά-
1585 1006 1589 1009 ’

231 1083 351 1112 κιον·
383 1070 457 1113 καὶ
485 1067 534 1113 τὸ
559 1064 755 1125 προῦχον
784 1069 1006 1126 σιδήριον,
1031 1070 1180 1128 λόγχη,
1213 1069 1366 1130 αίχμή,
1392 1071 1533 1115 ἐπιδο-

234 1137 367 1190 ρατίς.
395 1135 423 1192 ἡ
454 1136 500 1179 δὲ
526 1135 653 1193 θήκη,
685 1137 951 1194 δουροδόκη·
980 1138 1054 1181 καὶ
1083 1138 1212 1190 ξυστὰ
1230 1136 1286 1183 ’δ”
1315 1140 1449 1190 εἴποις
1475 1137 1532 1182 ἄν
1543 1142 1586 1177 15

229 1204 304 1247 καὶ
338 1202 555 1260 κάμακας,
605 1203 680 1247 καὶ
723 1203 884 1256 παλτὰ,
927 1206 1001 1249 καὶ
1041 1207 1270 1260 σαρίσσας,
1313 1206 1388 1250 καὶ
1429 1216 1532 1249 σαυ-

229 1271 323 1313 νία·
353 1270 404 1314 τό
432 1269 511 1326 μὲν
540 1269 678 1327 ὄνομα
705 1270 779 1314 ἐπ’
818 1270 1023 1327 άνδρείου
1062 1275 1234 1317 αἰδοίου
1283 1273 1374 1317 ἐστὶ
1410 1270 1531 1327 παρὰ

230 1339 454 1392 Κρατίνῳ·
501 1337 570 1382 ἐπὶ
608 1337 654 1382 δὲ
688 1337 769 1382 τοῦ
804 1337 988 1395 δόρατος
1021 1339 1068 1384 ἐν
1110 1339 1532 1397 ΦιλαδέλφοιςγΜε-
1619 1360 1622 1364 ·

229 1403 438 1460 νάνδρου,
1519 1431 1526 1438 ·

315 1481 421 1527 ὥστ’
466 1482 595 1540 ἔγωγ’
645 1483 701 1528 ἂν
738 1482 915 1542 εἱλόμην
956 1499 1045 1530 που
1090 1484 1256 1542 σαυνίῳ
1299 1483 1588 1542 πεπληγμέοω

1039 1568 1128 1603 νος.

146 1629 340 1675 144*καὶ
371 1627 684 1687 Ἀριστοφάνης
719 1645 797 1686 μεν
833 1630 916 1687 ἔφη
953 1629 1000 1674 ἐν
1037 1628 1242 1684 Ὀλκάσι,
1291 1629 1442 1688 λόγχαι
1485 1629 1530 1676 δ’

228 1697 334 1741 ἐκαυ
336 1699 527 1751 λίζοντο,
561 1697 634 1769 καὶ
671 1696 801 1754 ξυστὴ
837 1697 990 1754 κάμαξ.
1039 1697 1087 1742 ἐν
1124 1697 1171 1742 δε
1198 1697 1375 1757 Σκηνὰς
1406 1714 1531 1744 κατα-

227 1763 567 1821 λαμβανούσαις,

311 1854 386 1897 καὶ
412 1857 501 1897 τῶν
532 1851 850 1908 πλατυλόγχων,
879 1851 940 1904 ὦς
969 1849 1091 1910 ὁρᾷς,
1118 1851 1341 1898 ἀκοντίων.

215 1942 376 1994 Ἀλεξις
406 1940 452 1986 δ’
483 1941 531 1985 ἐν
557 1938 769 1992 Λευκάδι,
799 1939 908 1997 φέρε
935 1939 1016 1996 τὴν
1054 1939 1239 1998 σιβύνην
1276 1940 1351 1986 καὶ
1375 1941 1529 1986 πλατύ·
1540 1948 1584 1985 25

226 2013 371 2065 λογχα.
424 2007 640 2064 Ἀμειψίας
669 2006 715 2050 δ’
750 2007 797 2051 ἐν
824 2006 1079 2064 Σφενδόνῃ,
1107 2007 1156 2053 τὸ
1183 2008 1263 2065 μὲν
1293 2007 1401 2064 δόρυ
1425 2008 1531 2066 μετὰ

226 2079 302 2132 τῆς
341 2074 571 2131 έπιχάλκου
606 2072 719 2129 πρός
756 2077 983 2125 Πλαταιεῖς
1012 2072 1210 2130 άπέβαλε.
1266 2076 1532 2132 προσθετέον

228 2142 274 2186 δὲ
302 2140 487 2193 τούτοις,
517 2142 634 2197 ξίφη,
663 2140 735 2184 καὶ
763 2142 989 2196 μαχαίρας,
1017 2141 1089 2184 καὶ
1118 2142 1312 2195 κοπίδας,
1339 2144 1412 2187 καὶ
1440 2142 1533 2187 άκι-

227 2199 383 2261 νάκας,
420 2210 494 2253 καὶ
522 2208 705 2265 ξυήλας,
742 2207 817 2252 καὶ
856 2206 1067 2263 δρέπανα,
1107 2208 1181 2252 καὶ
1209 2209 1529 2264 δορυδρέπανα,

227 2277 300 2321 καὶ
328 2275 581 2333 ἐγχειρίδια,
613 2276 687 2319 καὶ
713 2273 854 2331 λαβὴν
889 2274 1068 2329 ξίφους,
1108 2275 1182 2318 καὶ
1208 2275 1436 2332 προλαβήν
1471 2277 1584 2328 ‹fil-30

144 2350 221 2392 145
233 2361 359 2401 φους,
392 2344 465 2387 καὶ
492 2342 683 2400 κώπην,
714 2342 786 2386 καὶ
813 2339 893 2398 τὴν
919 2340 1064 2398 θήκην
1088 2341 1283 2386 κουλεόν.
1311 2342 1415 2386 *καὶ
1442 2341 1528 2386 Εὐ-

229 2413 401 2466 ριπίδης
436 2410 514 2466 μὲν
541 2410 588 2454 ἐν
614 2407 864 2466 Παλαμήδει
898 2407 1010 2465 λέγει
1037 2406 1187 2464 κώπην
1220 2408 1528 2464 χρυσόκολλον.

196 2479 491 2543 Μένανδρος
537 2476 583 2520 δε
631 2476 678 2520 ἐν
716 2475 928 2530 Ἀλιεῦσι,
971 2475 1044 2520 καὶ
1088 2474 1350 2534 χρυσόλαβες
1393 2476 1530 2521 καλόν

230 2545 347 2592 πάνυ
376 2546 640 2603 ἐγχειρίδιον.
697 2543 951 2601 Θεόπομπος
980 2542 1026 2588 δε
1054 2542 1101 2587 ἐν
1128 2541 1326 2597 Πόλεσιν,
1354 2542 1530 2601 ἐλεφαν-
