1664 2950
243 93 328 137 248
803 94 859 139 V.
913 99 980 140 31.

184 204 235 246 31
247 199 386 259 ffiffxng
413 201 594 256 ἐπαύξει.
622 201 830 255 *τούτοις
856 204 903 249 δὲ
930 206 1005 250 καὶ
1032 205 1239 263 σαρδόνες
1255 205 1545 263 προσπλέκον·

245 286 327 320 ται,
359 269 463 324 ὅπερ
493 271 608 314 ἐστὶν
638 269 702 313 ὤα
730 275 821 315 τοῦ·
840 271 1035 325 δικτύου,
1065 273 1170 330 μετὰ
1195 273 1545 318 τὸντελευταῖον

247 337 411 393 βρόχον
440 336 654 394 ἀνέχουσα
681 336 732 382 τὰ
763 334 1198 398 δίκτυον,-,οὗπερ·ιῆν
1226 339 1545 396 ὁπερίδρομος,

245 403 276 460 ἢ
308 404 560 462 ἐπίδρομος,
588 411 680 456 ταῖς
707 406 849 461 χαλίσι
875 405 984 449 κατά
1010 405 1060 450 τὸ
1088 409 1272 463 δίκρουν
1299 408 1450 451 ἔπεστι.
1479 421 1545 450 κε-

250 468 478 526 κρύφαλος
516 472 562 516 δὲ
598 471 783 527 ἄρκυος,
817 470 845 528 ἡ
872 471 1082 528 κοιλότης.
1120 479 1368 530 κορυφαῖον
1396 473 1464 526 δὲ,
1501 463 1574 517 τό5

251 536 403 580 στενόν
429 542 504 595 τῆς
531 538 717 595 ἄρκυος,
749 538 773 582 ὅ
810 555 921 590 τινες
944 545 1264 597 κορυφιστῆρα
1302 538 1548 596 ὠνόμασαν.

250 607 465 660 κυνοῦχος
491 605 560 655 δὲ,
593 605 729 663 δέρμα
755 605 980 663 μόσχειον,
1008 609 1067 658 εἰς
1095 607 1121 651 ὃ
1149 608 1385 652 ἐντίθενται
1410 606 1461 651 τὸ
1490 607 1552 650 δί-

249 685 406 723 κτυον,
433 677 495 730 τῷ
525 672 701 730 σχήματι
728 673 1029 730 πεποιημένον,
1074 674 1216 731 ὥσπερ
1232 674 1309 718 τοὶ.
1328 672 1551 718 σύσπαστα
1584 699 1588 702 ·

251 737 477 792 βαλάντια.
507 739 700 792 στάλικες
729 741 797 794 δὲ,
835 741 909 785 καὶ
941 743 1166 797 σχαλίδες,-
1191 741 1265 785 καὶ
1291 738 1551 797 σχαλιδιόμα-

251 819 329 856 τα,
357 805 465 857 ξύλα
494 805 636 863 ὀρθὰ,
665 808 707 860 ἐξ
736 807 878 863 ἄκρου
907 807 1052 860 διττὰ,
1091 806 1309 863 ἱστάμενα.
1333 806 1412 862 μὲν
1442 803 1552 850 κατὰ
1564 811 1608 845 10

252 874 328 927 τῆς
354 876 452 929 γῆς,
485 880 577 927 τοῖς
604 876 650 919 δὲ
680 878 845 931 δίκροις
878 873 1087 931 ἀνέχοντα
1120 875 1225 926 τούς
1251 877 1340 918 τῶν
1368 871 1555 917 δικτύων

191 934 446 995 δῖβρόχους
481 959 525 986 τε
559 943 631 986 καὶ
661 942 964 1000 περιδρόμους.
1007 941 1219 992 *ἀνίσους
1256 941 1303 985 δὲ
1341 938 1466 985 εἶναι.>
1490 942 1558 984 δεῖ

252 1004 382 1050 τάσδε
411 1008 486 1060 τοὶς
515 1009 762 1066 στήριγγας,
789 1010 907 1060 ὅπως
934 1009 1043 1065 πρὸς
1071 1006 1124 1051 τά
1151 1006 1301 1064 ’ὑψηλὰ
1327 1009 1402 1052 καὶ
1427 1011 1557 1052 κοῖλα

254 1077 340 1115 τῶν
367 1078 535 1131 χωρίων
573 1076 681 1120 κατὰ
710 1076 789 1133 τὴν
823 1079 969 1133 χρείαν
1005 1074 1030 1120 ὁ
1059 1073 1287 1130 ἀρκυωρὸς
1315 1073 1556 1130 ἀρμοσάμε-

256 1155 354 1192 νος,
394 1141 590 1198 ἀπισώσῃ
628 1147 690 1199 τῇ.
709 1142 878 1187 τούτων
906 1142 1122 1199 άνισότητι
1148 1146 1238 1185 τῶν
1265 1141 1450 1186 δικτύων
1474 1141 1554 1198 τὴν
1567 1147 1611 1183 15

256 1207 431 1261 στάσιν,
477 1209 506 1265 ἢ
541 1214 733 1254 καλεῖται
771 1208 1047 1266 ἀρκυστασία.
1085 1210 1367 1253 καθίστανται
1417 1210 1463 1253 δὲ
1511 1210 1558 1252 αἱ

257 1276 452 1330 σχαλίδες
480 1274 679 1331 πλάγιαι,
711 1281 877 1332 μᾶλλον
914 1279 973 1328 εἰς
1001 1275 1188 1332 ἀλλήλας
1222 1275 1559 1331 προσνεύουσαι.

258 1339 283 1390 ὁ
314 1341 359 1385 δὲ
387 1342 520 1393 τόπος
549 1343 595 1386 ἐν
625 1338 660 1400 ᾧ
689 1345 902 1396 ἵστανται,
942 1341 1244 1399 ἀρκυστάσιον.
1297 1342 1365 1387 ‘H
1396 1342 1442 1387 δὲ
1482 1358 1559 1388 πο.-

257 1406 399 1464 δάγρα
452 1411 619 1455 ἵσταται
646 1410 725 1465 μὲν
753 1410 958 1467 ἐλάφοις
992 1411 1066 1454 καὶ
1092 1408 1195 1453 ὑσὶν
1229 1409 1324 1454 ἔσθ’
1366 1409 1446 1453 ὅτε.
1486 1425 1560 1454 κα-

257 1479 376 1521 λοῖτο
410 1476 454 1520 δ’
483 1477 538 1521 ἄν
565 1478 639 1521 καὶ
666 1477 953 1535 ποδοστράβῃ.
981 1477 1144 1528 κύκλος
1180 1475 1227 1521 δέ
1255 1478 1342 1521 ἐστι
1370 1477 1616 1534 σμιλακί-ΞΟ

256 1559 340 1587 νου
369 1543 511 1596 ξύλου.
542 1546 617 1587 καὶ
646 1546 669 1588 ὀ
698 1543 856 1596 κύκλος
900 1544 1089 1601 στεφάνη
1136 1548 1342 1588 καλεῖται..
1375 1545 1562 1600 κατείλημ
1603 1578 1607 1582 .

259 1625 362 1653 πται
392 1610 515 1666 ἥλοις
544 1611 727 1668 σιδήρου
768 1613 841 1656 καὶ
870 1613 1057 1664 ξυλίνοις
1083 1611 1305 1667 παραλλάξ
1333 1609 1560 1667 ἑκατέροις.

196 1672 368 1720 33”καὶ
394 1678 621 1734 πλόκαμον
648 1678 695 1722 ἐν
723 1678 838 1735 μέσῳ
867 1679 1075 1734 πλέγματι
1102 1679 1348 1730 πέπλεκται,
1389 1677 1446 1729 ὥς
1482 1694 1560 1722 πα-

258 1747 396 1798 τῆσαν
432 1744 481 1788 τὸ
520 1748 698 1802 θηρίον,
750 1745 996 1802 φερόμενόν
1031 1743 1084 1789 θ’
1113 1744 1256 1799 ὥσπερ
1296 1742 1561 1799 ἀναστρέψαι

258 1825 304 1852 τε
344 1809 425 1866 τὴν
452 1813 789 1869 ποδοστράβην,
829 1814 902 1856 καὶ
931 1812 1183 1868 ἐνσχεθῆναι
1221 1813 1394 1867 στερεῷ·
1414 1810 1614 1868 βρόχῳ25

257 1876 368 1919 κατὰ
405 1877 555 1935 τέχνην
591 1878 658 1923 ἐπ’
689 1879 807 1936 αὐτῷ
843 1878 981 1937 τούτῳ
1021 1876 1305 1935 πεποιημένῳ.
1350 1877 1561 1923 ἐντίθεται
1625 1912 1630 1915 -

259 1944 306 2001 δὲ
333 1942 360 1999 ἡ
391 1946 670 2003 ποδοστράβῃ
723 1945 957 2002 ὀρύγματα
999 1944 1072 1989 καὶ
1105 1942 1190 1987 ἀπὸ
1227 1947 1308 1988 τοῦ
1343 1944 1450 1999 περὶ.
1480 1937 1561 2000 τὴν

260 2007 477 2070 στεφάνην
505 2013 668 2069 βρόχου
686 2012 825 2067 ,σειρά
849 2028 927 2062 τις
954 2010 1191 2062 ἐκτέταται,
1226 2010 1283 2067 ἢν
1320 2012 1394 2054 καὶ
1423 2011 1560 2066 σειρά-

260 2078 317 2120 δα
364 2079 437 2122 καὶ
467 2079 710 2136 ἀρπεδόνην
736 2083 931 2124 καλοῦσι.
961 2077 1124 2133 πλέγμα
1155 2076 1188 2121 δ’
1210 2077 1325 2121 ἐστὶν
1352 2078 1400 2122 ἐκ
1429 2078 1560 2134 σπάρρ
1612 2093 1614 2095 ·

259 2161 340 2199 του
378 2146 551 2201 στερεὸν
586 2147 613 2203 ἡ
646 2145 916 2200 σειράς.,κα“ι
955 2145 1113 2200 ταύτης
1149 2141 1389 2200 ἀπήρτηται
1417 2145 1616 2198 ξύλον,30

260 2211 308 2255 ἐν
339 2212 455 2270 ἄλλῳ
484 2217 666 2269 πλησίον
705 2213 798 2257 ὄντι
828 2212 1041 2269 ὀρύγματι
1071 2213 1400 2267 κατακείμενον,
1441 2212 1560 2264 ὅπως

261 2278 339 2322 ἐὰν
365 2279 413 2322 τὸ
441 2283 601 2336 θηρίον
630 2280 786 2336 ἐπιβάν
815 2278 1059 2336 ἀναστρέψῃ
1086 2295 1130 2323 τε
1152 2279 1231 2335 τὴν
1258 2278 1561 2336 ποδοστράβην

260 2345 333 2402 ἐφ’
375 2347 526 2400 έαυτό,
566 2348 638 2391 καὶ
674 2347 853 2404 ἐνσχεθῇ
889 2350 949 2402 τῷ
990 2345 1158 2404 βρόχῳ,
1197 2347 1278 2402 τήν
1313 2345 1561 2402 ἁρπεδόνην

259 2412 334 2456 καὶ
360 2413 409 2456 τὸ
439 2414 570 2466 ξύλον
587 2413 898 2471 ἐφελκόμενον,
930 2414 1200 2470 ἐμποδίζηται
1229 2412 1340 2467 πρὸς
1359 2411 1436 2455 τὸν
1465 2413 1560 2469 δρό-

260 2493 364 2535 μον,
387 2480 591 2535 μάλιστα,
621 2483 660 2524 εἴ
684 2497 749 2532 τις
779 2485 866 2526 τῶν
895 2482 1123 2535 προσθίων
1149 2477 1290 2526 αὐτοῦ
1318 2481 1468 2522 ποδῶν
1497 2480 1560 2523 ἐν-
1568 2501 1614 2536 35

204 2549 446 2605 34σχεθείη,
480 2549 583 2592 *καὶ
610 2548 777 2605 τῷ-μὲν
804 2546 1012 2604 κυνηγέτῃ
1042 2552 1245 2603 μεταθεῖν
1271 2545 1453 2602 ὑπάρξει
1487 2563 1560 2600 κα-
