1664 2950
286 110 341 185 ss
577 132 815 178 'suumn
841 134 1295 179 nemsrnnnms

290 249 351 293 sic
369 255 414 291 et
428 246 717 291 inscribendi
734 248 906 292 ratione
933 263 1215 293 communem
1247 262 1376 293 usum
1400 253 1585 292 sectatus

293 313 372 357 est,
401 305 450 347 in
478 318 611 359 quam
641 317 738 345 rem
766 304 979 359 quaedam
1007 320 1034 347 a
1061 320 1134 348 me
1160 305 1272 348 dicta
1290 311 1395 347 sunt
1413 305 1468 348 ad
1488 305 1587 348 libr.

292 359 482 406 Pollucis
503 359 558 412 X,
576 364 645 404 48.
702 360 817 402 Cum
847 369 994 402 autem
1029 368 1164 404 status
1201 361 1382 403 alicuius
1411 360 1586 416 linguae

295 426 338 460 et
360 416 535 459 nativus
562 416 682 457 color
709 416 834 472 lapsu
865 417 1076 472 temporis
1106 415 1323 465 defloruit,
1352 431 1422 459 res
1442 417 1585 458 omnis

293 471 538 516 imitatione
577 478 769 525 constat,
807 471 856 513 in
893 486 977 527 qua
1008 472 1085 528 qui
1111 471 1272 530 poterit
1298 471 1352 514 ad
1384 479 1587 515 veterum

293 529 490 585 vigorem
519 527 745 584 proximus
771 527 989 580 accedere,
1018 527 1209 585 palmam
1239 528 1439 570 omnium
1466 527 1588 570 iudi-

296 584 364 627 cio
401 582 667 640 reportabit:
706 583 743 624 si
776 584 873 639 quis
906 583 1043 640 igitur
1083 583 1138 625 ab
1176 598 1327 626 eorum
1363 591 1505 627 aetate
1542 591 1587 625 et

294 639 473 697 ingenio
506 638 678 695 longius
714 648 910 682 remotus
946 639 1099 681 iisdem
1136 654 1228 681 non
1263 638 1394 681 simili
1421 637 1584 682 iudicio

295 705 341 739 et
367 695 646 737 accuratione
674 703 844 747 utatur,
881 695 1108 738 communi
1134 694 1340 751 suffragio
1370 695 1586 752 reproba-

295 753 434 795 bitur:
483 766 572 792 non
606 750 739 806 igitur
784 750 1103 794 inconsiderate
1148 751 1425 806 grammatici
1463 749 1586 793 fece·-

294 815 422 860 runt,
461 807 581 862 quod
614 808 790 863 linguae
826 807 1021 850 Graecae
1055 807 1180 863 quasi
1219 805 1428 849 terminos
1449 822 1586 863 quos-

296 865 396 907 dam
426 863 778 921 praestituerint,
815 877 976 919 easque
1012 864 1123 905 solas
1151 876 1293 915 voces,
1320 877 1431 918 quae
1458 877 1584 905 com-

294 920 423 963 muni
451 926 647 961 veterum
677 918 937 976 scriptorum
966 933 1051 961 usu
1085 918 1501 975 frequentabantur,
1535 918 1585 961 in

239 990 242 995 ’
294 975 536 1034 probarum
577 989 754 1017 censum
795 974 1072 1018 admiserint:
1116 975 1245 1031 plura
1291 973 1410 1017 enim
1457 981 1584 1016 erant

295 1031 532 1084 vocabula,
605 1045 686 1072 uae
712 1031 792 1073 uni
819 1039 986 1076 tantum
1016 1038 1092 1072 aut
1117 1030 1244 1073 alteri
1271 1029 1387 1072 forte
1412 1029 1584 1073 auctori

295 1088 432 1130 vitam
476 1046 709 1128 debebant:
757 1086 860 1129 hinc
895 1086 1088 1129 Galenus
1129 1085 1177 1128 in
1213 1084 1487 1143 praefatione
1525 1085 1583 1128 ad

296 1143 439 1188 Gloss.
478 1143 687 1199 Hippocr.
716 1143 986 1185 mentionem
1024 1141 1128 1185 facit
1156 1139 1383 1198 ὀνομάτων
1413 1141 1579 1198 γινομέ-

293 1215 384 1244 νων
411 1197 522 1253 πρὸς
550 1198 668 1249 τινὸς
703 1203 792 1242 τῶν
826 1201 1037 1244 παλαιῶν.
1067 1197 1126 1254 μὴ
1150 1197 1506 1254 παραδεχθέντων
1532 1196 1579 1240 δὲ

294 1254 405 1306 ὅλως
422 1257 480 1306 εἰς
498 1252 576 1310 τὴν
594 1252 850 1310 συνήθειαν
877 1256 1026 1313 plures
1055 1255 1206 1296 itidem
1238 1254 1448 1311 loquendi
1483 1253 1582 1296 for-

293 1313 441 1355 mulae
469 1312 653 1353 rariores
682 1311 883 1366 quidem,
931 1311 1006 1353 sed
1045 1309 1282 1366 elegantiae
1308 1325 1398 1352 non
1427 1324 1583 1352 exsor-

291 1375 380 1410 tes:
425 1382 515 1409 non
551 1374 699 1408 autem
734 1367 779 1409 id
822 1382 873 1408 eo
912 1369 1060 1409 animo
1095 1366 1258 1409 factum
1287 1373 1351 1408 est
1377 1381 1404 1408 a
1429 1380 1581 1422 gram-

293 1423 475 1469 maticis.
504 1430 556 1464 ut
583 1437 687 1464 usus
716 1437 871 1465 earum
902 1438 1065 1466 vocum
1099 1422 1393 1479 loquendique
1419 1422 1581 1464 modo-

289 1493 390 1522 rum
427 1478 626 1521 funditus
661 1478 933 1532 aboleretur,
969 1479 1042 1521 sed
1080 1478 1182 1534 quia
1209 1477 1380 1520 facilius
1399 1477 1496 1532 quis
1524 1476 1578 1519 iis

289 1535 413 1577 abuti
448 1542 621 1591 poterat
657 1548 790 1589 quam
819 1534 910 1576 uti:
957 1543 1153 1592 putanne
1189 1548 1297 1582 vero
1324 1534 1455 1576 aliam
1484 1547 1579 1574 esse

289 1605 481 1641 causam,
502 1605 580 1632 cur
608 1590 823 1633 Lucianus
850 1590 1076 1633 usitaverit
1101 1604 1256 1632 eorum
1293 1605 1384 1632 non
1424 1604 1575 1645 pauca,

288 1661 401 1703 quae
427 1645 529 1688 alibi
567 1645 727 1688 diserte
761 1646 1073 1689 damnaverat?
1118 1661 1214 1688 rem
1240 1660 1323 1703 pro
1350 1645 1446 1688 loco
1473 1644 1577 1687 satis

289 1702 571 1759 explanatam
609 1701 820 1753 arbitror,
866 1716 1117 1757 quanquam
1148 1700 1280 1744 latius
1317 1700 1574 1758 pertractari

285 1764 440 1815 posset,
469 1756 506 1798 si
524 1757 695 1812 singula
711 1757 922 1814 exemplis
943 1758 1227 1814 antiquorum
1250 1765 1294 1798 et
1315 1755 1573 1799 auctoritate

285 1812 665 1855 confirmarentur.
708 1813 878 1856 Vellem
907 1821 1054 1855 autem
1082 1813 1137 1855 de
1154 1811 1448 1868 Xenophonte
1469 1812 1574 1854 Pol-

283 1869 427 1911 lucem
455 1867 629 1923 parcius
649 1867 958 1910 camerarium
987 1868 1122 1910 fuisse
1146 1867 1454 1917 criminatum,
1493 1866 1571 1924 qui

282 1923 380 1982 ipso
410 1922 666 1965 observante
686 1923 956 1976 Camerario,
984 1939 1075 1965 non
1098 1931 1188 1966 tam
1216 1923 1458 1966 verborum
1487 1938 1572 1966 ex-

285 1979 468 2036 quisitae
503 1988 546 2021 et
570 1978 828 2037 sophisticae
864 1979 1071 2022 orationis
1105 1981 1153 2022 in
1182 1994 1351 2022 morem
1387 1994 1571 2036 compo-

285 2035 390 2078 sitae
424 2043 650 2082 texturae.
691 2049 824 2090 quam
851 2050 1002 2078 rerum
1026 2035 1290 2092 ponderibus
1318 2050 1499 2092 operam
1520 2049 1569 2078 se

285 2091 494 2133 daturum
534 2090 754 2147 professus
792 2099 876 2134 est:
911 2106 1000 2133 non
1041 2106 1092 2133 eo
1130 2099 1280 2134 tamen
1306 2090 1413 2142 haec
1440 2106 1468 2134 a
1494 2105 1569 2133 me

283 2146 370 2188 dici
406 2146 629 2203 quisquam
677 2147 846 2199 credat,
903 2154 954 2190 ut
995 2146 1280 2202 Xenophonti
1322 2146 1566 2195 detraham.

281 2217 414 2258 quem
432 2202 615 2245 Atticam
641 2217 766 2257 apem
786 2211 967 2260 propter
985 2203 1177 2245 nativum
1195 2201 1410 2245 scribendi
1430 2202 1564 2245 decus

248 2259 386 2301 ‘olim
413 2258 712 2314 appellarunt,
753 2259 915 2316 quique
941 2273 1021 2301 sua
1046 2259 1273 2300 dulcedine
1298 2273 1372 2300 me
1397 2258 1566 2301 mirum

278 2314 325 2356 in
365 2315 545 2356 modum
588 2313 792 2367 oblectat,
838 2314 912 2357 sed
956 2321 1005 2356 ut
1050 2314 1218 2357 Polluci
1254 2313 1566 2371 patrocinarer-

279 2370 471 2412 Tantum
496 2370 551 2411 de
579 2369 773 2420 Polluce,
801 2370 922 2412 cuius
942 2385 967 2412 a
984 2384 1055 2412 me
1077 2370 1279 2412 manibus
1294 2368 1562 2412 satisfactum

273 2424 439 2474 iudico,
478 2424 553 2480 qui
581 2425 722 2481 ipsum
752 2440 836 2482 pro
862 2426 981 2469 virili
1008 2433 1133 2482 parte
1169 2433 1319 2469 contra
1351 2425 1478 2467 falsas
1516 2432 1562 2468 et

272 2481 498 2524 maledicas
527 2479 865 2525 obtrectatorum
892 2482 1070 2524 iniuiias
1107 2479 1346 2532 vindicavi3
1375 2478 1560 2524 forsitan

268 2551 383 2579 unus
418 2543 462 2578 et
489 2537 600 2578 alter
627 2536 709 2578 hoc
734 2538 876 2580 amori
913 2537 1095 2589 tribuat,
1138 2552 1225 2593 quo
1262 2551 1335 2578 me
1370 2535 1479 2577 ferri
1507 2535 1556 2578 in

263 2590 385 2636 hunc
412 2602 637 2636 auctorem
663 2607 750 2650 par
775 2601 820 2636 et
853 2607 1043 2651 aequum
1071 2599 1159 2648 est,
1194 2605 1326 2649 quem
1356 2590 1548 2635 enutrivi
