<?xml version="1.0" encoding="UTF-8"?>
<!DOCTYPE html PUBLIC "-//W3C//DTD XHTML 1.0 Transitional//EN"
    "http://www.w3.org/TR/xhtml1/DTD/xhtml1-transitional.dtd">
<html xmlns="http://www.w3.org/1999/xhtml" xml:lang="en" lang="en">
 <head>
  <title>
</title>
<meta http-equiv="Content-Type" content="text/html;charset=utf-8" />
  <meta name='ocr-system' content='tesseract 3.04.00' />
  <meta name='ocr-capabilities' content='ocr_page ocr_carea ocr_par ocr_line ocrx_word'/>
</head>
<body>
  <div class='ocr_page' id='page_1' title='image "./onomasticon01polluoft/onomasticon01polluoft_0009.png"; bbox 0 0 1664 2950; ppageno 0'>
   <div class='ocr_carea' id='block_1_1' title="bbox 531 86 1493 151">
    <p class='ocr_par' dir='ltr' id='par_1_1' title="bbox 531 86 1493 151">
     <span class='ocr_line' id='line_1_1' title="bbox 531 86 1493 151; baseline 0 -9"><span class='ocrx_word' id='word_1_1' title='bbox 531 86 1096 144; x_wconf 56' lang='lat' dir='ltr'>³·nasnrar1o</span> <span class='ocrx_word' id='word_1_2' title='bbox 1158 109 1242 142; x_wconf 40' lang='grc' dir='ltr'>’ν</span> <span class='ocrx_word' id='word_1_3' title='bbox 1459 103 1493 151; x_wconf 60' lang='lat'><em>3</em></span> 
     </span>
    </p>
   </div>
   <div class='ocr_carea' id='block_1_2' title="bbox 182 187 1526 2503">
    <p class='ocr_par' dir='ltr' id='par_1_2' title="bbox 183 187 1526 2503">
     <span class='ocr_line' id='line_1_2' title="bbox 185 187 1492 259; baseline -0.003 -10"><span class='ocrx_word' id='word_1_4' title='bbox 185 193 387 249; x_wconf 57' lang='lat' dir='ltr'>dicimo·</span> <span class='ocrx_word' id='word_1_5' title='bbox 383 187 793 259; x_wconf 60' lang='lat' dir='ltr'>psopensissimus</span> <span class='ocrx_word' id='word_1_6' title='bbox 826 198 1069 255; x_wconf 60' lang='lat' dir='ltr'>praetta‘ea</span> <span class='ocrx_word' id='word_1_7' title='bbox 1092 188 1157 236; x_wconf 79' lang='lat' dir='ltr'>in</span> <span class='ocrx_word' id='word_1_8' title='bbox 1185 187 1342 245; x_wconf 64' lang='lat' dir='ltr'>omnia</span> <span class='ocrx_word' id='word_1_9' title='bbox 1371 205 1492 256; x_wconf 63' lang='lat' dir='ltr'>quae</span> 
     </span>
     <span class='ocr_line' id='line_1_3' title="bbox 183 256 1493 327; baseline -0.003 -18.979"><span class='ocrx_word' id='word_1_10' title='bbox 183 261 329 315; x_wconf 66' lang='lat' dir='ltr'>-hmis</span> <span class='ocrx_word' id='word_1_11' title='bbox 352 261 528 313; x_wconf 78' lang='lat' dir='ltr'>litteris</span> <span class='ocrx_word' id='word_1_12' title='bbox 558 257 835 327; x_wconf 66' lang='lat' dir='ltr'>adiuvandis</span> <span class='ocrx_word' id='word_1_13' title='bbox 859 256 1141 309; x_wconf 62' lang='lat' dir='ltr'>conducens</span> <span class='ocrx_word' id='word_1_14' title='bbox 1165 267 1423 322; x_wconf 75' lang='lat' dir='ltr'>possent..</span> <span class='ocrx_word' id='word_1_15' title='bbox 1445 257 1493 310; x_wconf 72' lang='lat' dir='ltr'>Is</span> 
     </span>
     <span class='ocr_line' id='line_1_4' title="bbox 182 321 1491 403; baseline -0.005 -24.967"><span class='ocrx_word' id='word_1_16' title='bbox 182 329 310 382; x_wconf 66' lang='lat' dir='ltr'>nihi</span> <span class='ocrx_word' id='word_1_17' title='bbox 340 324 594 380; x_wconf 80' lang='lat' dir='ltr'>concessit</span> <span class='ocrx_word' id='word_1_18' title='bbox 606 325 955 394; x_wconf 64' lang='lat' dir='ltr'>autographum</span> <span class='ocrx_word' id='word_1_19' title='bbox 979 321 1491 403; x_wconf 60' lang='lat' dir='ltr'>langermannianum:</span> 
     </span>
     <span class='ocr_line' id='line_1_5' title="bbox 183 391 1489 463; baseline -0.004 -15"><span class='ocrx_word' id='word_1_20' title='bbox 183 412 266 449; x_wconf 62' lang='lat' dir='ltr'>et</span> <span class='ocrx_word' id='word_1_21' title='bbox 264 408 434 463; x_wconf 66' lang='lat' dir='ltr'>quum</span> <span class='ocrx_word' id='word_1_22' title='bbox 467 415 545 445; x_wconf 82' lang='lat' dir='ltr'>me</span> <span class='ocrx_word' id='word_1_23' title='bbox 587 395 804 448; x_wconf 75' lang='lat' dir='ltr'>laborare</span> <span class='ocrx_word' id='word_1_24' title='bbox 838 393 1022 445; x_wconf 80' lang='lat' dir='ltr'>videret</span> <span class='ocrx_word' id='word_1_25' title='bbox 1063 393 1153 442; x_wconf 88' lang='lat' dir='ltr'>de</span> <span class='ocrx_word' id='word_1_26' title='bbox 1175 391 1278 443; x_wconf 76' lang='lat' dir='ltr'>viro</span> <span class='ocrx_word' id='word_1_27' title='bbox 1321 409 1489 459; x_wconf 71' lang='lat' dir='ltr'>gtaece</span> 
     </span>
     <span class='ocr_line' id='line_1_6' title="bbox 192 458 1489 541; baseline -0.004 -25"><span class='ocrx_word' id='word_1_28' title='bbox 192 465 373 527; x_wconf 69' lang='lat' dir='ltr'>docto,</span> <span class='ocrx_word' id='word_1_29' title='bbox 401 464 537 517; x_wconf 79' lang='lat' dir='ltr'>cuius</span> <span class='ocrx_word' id='word_1_30' title='bbox 561 480 654 529; x_wconf 88' lang='lat' dir='ltr'>ope</span> <span class='ocrx_word' id='word_1_31' title='bbox 681 463 732 512; x_wconf 82' lang='lat' dir='ltr'>in</span> <span class='ocrx_word' id='word_1_32' title='bbox 762 458 963 514; x_wconf 72' lang='lat' dir='ltr'>edendo</span> <span class='ocrx_word' id='word_1_33' title='bbox 977 461 1172 512; x_wconf 75' lang='lat' dir='ltr'>Polluce</span> <span class='ocrx_word' id='word_1_34' title='bbox 1204 461 1489 541; x_wconf 70' lang='lat' dir='ltr'>adpossem,</span> 
     </span>
     <span class='ocr_line' id='line_1_7' title="bbox 186 529 1491 600; baseline -0.002 -18"><span class='ocrx_word' id='word_1_35' title='bbox 186 534 293 600; x_wconf 73' lang='lat' dir='ltr'>Atg</span> <span class='ocrx_word' id='word_1_36' title='bbox 293 543 517 588; x_wconf 62' lang='lat' dir='ltr'>catenato</span> <span class='ocrx_word' id='word_1_37' title='bbox 542 548 620 582; x_wconf 88' lang='lat' dir='ltr'>me</span> <span class='ocrx_word' id='word_1_38' title='bbox 650 530 806 580; x_wconf 85' lang='lat' dir='ltr'>huius</span> <span class='ocrx_word' id='word_1_39' title='bbox 822 529 1073 583; x_wconf 73' lang='lat' dir='ltr'>beneficii</span> <span class='ocrx_word' id='word_1_40' title='bbox 1060 547 1241 595; x_wconf 67' lang='lat' dir='ltr'>»gnaro-</span> <span class='ocrx_word' id='word_1_41' title='bbox 1255 530 1491 583; x_wconf 75' lang='lat' dir='ltr'>arcessivit</span> 
     </span>
     <span class='ocr_line' id='line_1_8' title="bbox 186 595 1489 663; baseline -0.004 -10"><span class='ocrx_word' id='word_1_42' title='bbox 186 601 560 653; x_wconf 67' lang='lat' dir='ltr'>eruditissimum</span> <span class='ocrx_word' id='word_1_43' title='bbox 601 602 943 659; x_wconf 74' lang='lat' dir='ltr'>Ledetla‘num,</span> <span class='ocrx_word' id='word_1_44' title='bbox 1006 598 1065 648; x_wconf 83' lang='lat' dir='ltr'>cl.</span> <span class='ocrx_word' id='word_1_45' title='bbox 1090 595 1305 646; x_wconf 83' lang='lat' dir='ltr'>Kuehnii</span> <span class='ocrx_word' id='word_1_46' title='bbox 1333 615 1489 663; x_wconf 85' lang='lat' dir='ltr'>quon-</span> 
     </span>
     <span class='ocr_line' id='line_1_9' title="bbox 190 665 1526 734; baseline -0.004 -15"><span class='ocrx_word' id='word_1_47' title='bbox 190 668 302 719; x_wconf 79' lang='lat' dir='ltr'>dam</span> <span class='ocrx_word' id='word_1_48' title='bbox 321 667 623 734; x_wconf 68' lang='lat' dir='ltr'>discipulum,</span> <span class='ocrx_word' id='word_1_49' title='bbox 657 666 796 716; x_wconf 84' lang='lat' dir='ltr'>cuius</span> <span class='ocrx_word' id='word_1_50' title='bbox 817 665 1123 734; x_wconf 73' lang='lat' dir='ltr'><strong>diligentiam</strong></span> <span class='ocrx_word' id='word_1_51' title='bbox 1137 679 1280 732; x_wconf 84' lang='lat' dir='ltr'>atque</span> <span class='ocrx_word' id='word_1_52' title='bbox 1310 668 1487 721; x_wconf 76' lang='lat' dir='ltr'>cando·</span> <span class='ocrx_word' id='word_1_53' title='bbox 1466 682 1526 722; x_wconf 83' lang='lat'>·8</span> 
     </span>
     <span class='ocr_line' id='line_1_10' title="bbox 186 733 1489 805; baseline -0.003 -17"><span class='ocrx_word' id='word_1_54' title='bbox 186 737 661 805; x_wconf 63' lang='lat' dir='ltr'>remquumintegro</span> <span class='ocrx_word' id='word_1_55' title='bbox 691 734 897 785; x_wconf 83' lang='lat' dir='ltr'>triennio</span> <span class='ocrx_word' id='word_1_56' title='bbox 926 747 1146 800; x_wconf 80' lang='lat' dir='ltr'>expertus</span> <span class='ocrx_word' id='word_1_57' title='bbox 1172 734 1283 795; x_wconf 78' lang='lat' dir='ltr'>sim,</span> <span class='ocrx_word' id='word_1_58' title='bbox 1328 733 1489 784; x_wconf 69' lang='lat' dir='ltr'>debita</span> 
     </span>
     <span class='ocr_line' id='line_1_11' title="bbox 187 801 1488 879; baseline -0.003 -23"><span class='ocrx_word' id='word_1_59' title='bbox 187 804 336 856; x_wconf 68' lang='lat' dir='ltr'>hudo</span> <span class='ocrx_word' id='word_1_60' title='bbox 370 804 597 856; x_wconf 66' lang='lat' dir='ltr'>frum-are</span> <span class='ocrx_word' id='word_1_61' title='bbox 636 803 762 852; x_wconf 87' lang='lat' dir='ltr'>nolo.</span> <span class='ocrx_word' id='word_1_62' title='bbox 829 803 959 853; x_wconf 83' lang='lat' dir='ltr'><strong>Huic</strong></span> <span class='ocrx_word' id='word_1_63' title='bbox 994 801 1187 879; x_wconf 81' lang='lat' dir='ltr'>egregio</span> <span class='ocrx_word' id='word_1_64' title='bbox 1221 802 1327 851; x_wconf 81' lang='lat' dir='ltr'>viro</span> <span class='ocrx_word' id='word_1_65' title='bbox 1363 801 1488 852; x_wconf 79' lang='lat' dir='ltr'>illud</span> 
     </span>
     <span class='ocr_line' id='line_1_12' title="bbox 188 870 1487 941; baseline -0.003 -19"><span class='ocrx_word' id='word_1_66' title='bbox 188 873 360 926; x_wconf 74' lang='lat' dir='ltr'>accidit</span> <span class='ocrx_word' id='word_1_67' title='bbox 377 873 627 941; x_wconf 79' lang='lat' dir='ltr'>singulare,</span> <span class='ocrx_word' id='word_1_68' title='bbox 663 885 717 919; x_wconf 88' lang='lat' dir='ltr'>ut</span> <span class='ocrx_word' id='word_1_69' title='bbox 732 871 826 920; x_wconf 85' lang='lat' dir='ltr'>iam</span> <span class='ocrx_word' id='word_1_70' title='bbox 857 870 1063 920; x_wconf 81' lang='lat' dir='ltr'>adultior</span> <span class='ocrx_word' id='word_1_71' title='bbox 1090 883 1139 919; x_wconf 89' lang='lat' dir='ltr'>et</span> <span class='ocrx_word' id='word_1_72' title='bbox 1168 870 1379 920; x_wconf 89' lang='lat' dir='ltr'>omnium</span> <span class='ocrx_word' id='word_1_73' title='bbox 1407 870 1487 919; x_wconf 84' lang='lat' dir='ltr'>lit-</span> 
     </span>
     <span class='ocr_line' id='line_1_13' title="bbox 188 937 1487 1003; baseline -0.001 -14"><span class='ocrx_word' id='word_1_74' title='bbox 188 953 402 993; x_wconf 72' lang='lat' dir='ltr'>terarum</span> <span class='ocrx_word' id='word_1_75' title='bbox 427 939 583 1001; x_wconf 83' lang='lat' dir='ltr'>rudis,</span> <span class='ocrx_word' id='word_1_76' title='bbox 616 940 677 990; x_wconf 83' lang='lat' dir='ltr'>ab</span> <span class='ocrx_word' id='word_1_77' title='bbox 717 940 810 988; x_wconf 82' lang='lat' dir='ltr'>alio</span> <span class='ocrx_word' id='word_1_78' title='bbox 845 939 1028 991; x_wconf 80' lang='lat' dir='ltr'>iuniore</span> <span class='ocrx_word' id='word_1_79' title='bbox 1067 937 1218 1003; x_wconf 80' lang='lat' dir='ltr'>prima</span> <span class='ocrx_word' id='word_1_80' title='bbox 1256 939 1487 988; x_wconf 83' lang='lat' dir='ltr'>elementa</span> 
     </span>
     <span class='ocr_line' id='line_1_14' title="bbox 188 1005 1487 1072; baseline -0.001 -15"><span class='ocrx_word' id='word_1_81' title='bbox 188 1007 432 1061; x_wconf 69' lang='lat' dir='ltr'>didicerit:</span> <span class='ocrx_word' id='word_1_82' title='bbox 462 1022 509 1060; x_wconf 70' lang='lat' dir='ltr'>at</span> <span class='ocrx_word' id='word_1_83' title='bbox 540 1020 695 1058; x_wconf 86' lang='lat' dir='ltr'>tantos</span> <span class='ocrx_word' id='word_1_84' title='bbox 726 1007 926 1056; x_wconf 80' lang='lat' dir='ltr'>subito</span> <span class='ocrx_word' id='word_1_85' title='bbox 913 1026 964 1056; x_wconf 87' lang='grc' dir='ltr'>ιιι</span> <span class='ocrx_word' id='word_1_86' title='bbox 989 1006 1154 1057; x_wconf 83' lang='lat' dir='ltr'>studiis</span> <span class='ocrx_word' id='word_1_87' title='bbox 1186 1005 1354 1056; x_wconf 85' lang='lat' dir='ltr'>fecerit</span> <span class='ocrx_word' id='word_1_88' title='bbox 1375 1025 1487 1072; x_wconf 82' lang='lat' dir='ltr'>pro-</span> 
     </span>
     <span class='ocr_line' id='line_1_15' title="bbox 187 1074 1485 1153; baseline 0 -27"><span class='ocrx_word' id='word_1_89' title='bbox 187 1093 400 1145; x_wconf 77' lang='lat' dir='ltr'>gressus,</span> <span class='ocrx_word' id='word_1_90' title='bbox 432 1090 488 1125; x_wconf 90' lang='lat' dir='ltr'>ut</span> <span class='ocrx_word' id='word_1_91' title='bbox 518 1074 698 1124; x_wconf 88' lang='lat' dir='ltr'>hunc</span> <span class='ocrx_word' id='word_1_92' title='bbox 684 1094 839 1140; x_wconf 77' lang='lat' dir='ltr'>ipsum</span> <span class='ocrx_word' id='word_1_93' title='bbox 874 1093 1013 1133; x_wconf 81' lang='lat' dir='ltr'>suum</span> <span class='ocrx_word' id='word_1_94' title='bbox 1042 1075 1093 1123; x_wconf 88' lang='lat' dir='ltr'>in</span> <span class='ocrx_word' id='word_1_95' title='bbox 1112 1074 1319 1153; x_wconf 86' lang='lat' dir='ltr'>legendo</span> <span class='ocrx_word' id='word_1_96' title='bbox 1338 1075 1485 1143; x_wconf 77' lang='lat' dir='ltr'>magi·</span> 
     </span>
     <span class='ocr_line' id='line_1_16' title="bbox 189 1141 1485 1210; baseline -0.002 -16"><span class='ocrx_word' id='word_1_97' title='bbox 189 1159 343 1194; x_wconf 81' lang='lat' dir='ltr'>strum</span> <span class='ocrx_word' id='word_1_98' title='bbox 362 1143 492 1194; x_wconf 90' lang='lat' dir='ltr'>haud</span> <span class='ocrx_word' id='word_1_99' title='bbox 508 1144 661 1193; x_wconf 87' lang='lat' dir='ltr'>multo</span> <span class='ocrx_word' id='word_1_100' title='bbox 679 1158 788 1209; x_wconf 90' lang='lat' dir='ltr'>post</span> <span class='ocrx_word' id='word_1_101' title='bbox 807 1143 856 1190; x_wconf 87' lang='lat' dir='ltr'>in</span> <span class='ocrx_word' id='word_1_102' title='bbox 875 1143 1049 1210; x_wconf 86' lang='lat' dir='ltr'>graecis</span> <span class='ocrx_word' id='word_1_103' title='bbox 1067 1157 1113 1191; x_wconf 90' lang='lat' dir='ltr'>et</span> <span class='ocrx_word' id='word_1_104' title='bbox 1130 1142 1288 1191; x_wconf 83' lang='lat' dir='ltr'>latinis</span> <span class='ocrx_word' id='word_1_105' title='bbox 1304 1141 1485 1192; x_wconf 83' lang='lat' dir='ltr'>habue-</span> 
     </span>
     <span class='ocr_line' id='line_1_17' title="bbox 186 1210 1485 1279; baseline -0.002 -17"><span class='ocrx_word' id='word_1_106' title='bbox 186 1213 253 1262; x_wconf 83' lang='lat' dir='ltr'>rit</span> <span class='ocrx_word' id='word_1_107' title='bbox 284 1212 577 1279; x_wconf 88' lang='lat' dir='ltr'>discipulum.</span> <span class='ocrx_word' id='word_1_108' title='bbox 653 1211 922 1261; x_wconf 84' lang='lat' dir='ltr'>Editionem</span> <span class='ocrx_word' id='word_1_109' title='bbox 956 1210 1161 1261; x_wconf 80' lang='lat' dir='ltr'>Pollucis</span> <span class='ocrx_word' id='word_1_110' title='bbox 1197 1210 1485 1278; x_wconf 83' lang='lat' dir='ltr'>perduxerat</span> 
     </span>
     <span class='ocr_line' id='line_1_18' title="bbox 188 1279 1483 1350; baseline -0.001 -21"><span class='ocrx_word' id='word_1_111' title='bbox 188 1282 253 1331; x_wconf 74' lang='lat' dir='ltr'>ad</span> <span class='ocrx_word' id='word_1_112' title='bbox 280 1299 394 1347; x_wconf 76' lang='lat' dir='ltr'>..cap</span> <span class='ocrx_word' id='word_1_113' title='bbox 425 1297 572 1330; x_wconf 86' lang='lat' dir='ltr'>xxvu.</span> <span class='ocrx_word' id='word_1_114' title='bbox 616 1280 726 1328; x_wconf 81' lang='lat' dir='ltr'>libri</span> <span class='ocrx_word' id='word_1_115' title='bbox 760 1279 861 1328; x_wconf 90' lang='lat' dir='ltr'>VII.</span> <span class='ocrx_word' id='word_1_116' title='bbox 909 1299 1058 1350; x_wconf 84' lang='lat' dir='ltr'>quum</span> <span class='ocrx_word' id='word_1_117' title='bbox 1095 1280 1165 1328; x_wconf 86' lang='lat' dir='ltr'>Ar</span> <span class='ocrx_word' id='word_1_118' title='bbox 1199 1280 1398 1329; x_wconf 83' lang='lat' dir='ltr'>entorati</span> <span class='ocrx_word' id='word_1_119' title='bbox 1433 1281 1483 1328; x_wconf 86' lang='lat' dir='ltr'>in</span> 
     </span>
     <span class='ocr_line' id='line_1_19' title="bbox 188 1342 1485 1415; baseline -0.002 -17"><span class='ocrx_word' id='word_1_120' title='bbox 188 1349 508 1415; x_wconf 81' lang='lat' dir='ltr'>praeceptoris</span> <span class='ocrx_word' id='word_1_121' title='bbox 537 1348 610 1397; x_wconf 87' lang='lat' dir='ltr'>sui</span> <span class='ocrx_word' id='word_1_122' title='bbox 630 1349 792 1397; x_wconf 86' lang='lat' dir='ltr'>locum</span> <span class='ocrx_word' id='word_1_123' title='bbox 813 1342 1123 1398; x_wconf 85' lang='lat' dir='ltr'>sufficeretur.</span> <span class='ocrx_word' id='word_1_124' title='bbox 1194 1362 1331 1415; x_wconf 84' lang='lat' dir='ltr'>taque</span> <span class='ocrx_word' id='word_1_125' title='bbox 1352 1348 1485 1397; x_wconf 84' lang='lat' dir='ltr'>illam</span> 
     </span>
     <span class='ocr_line' id='line_1_20' title="bbox 188 1416 1485 1482; baseline -0.002 -15"><span class='ocrx_word' id='word_1_126' title='bbox 188 1420 560 1468; x_wconf 67' lang='lat' dir='ltr'>Hemeeerhmio</span> <span class='ocrx_word' id='word_1_127' title='bbox 580 1431 742 1466; x_wconf 83' lang='lat' dir='ltr'>nostro</span> <span class='ocrx_word' id='word_1_128' title='bbox 759 1416 1090 1466; x_wconf 79' lang='lat' dir='ltr'>absolvendam</span> <span class='ocrx_word' id='word_1_129' title='bbox 1108 1416 1315 1482; x_wconf 86' lang='lat' dir='ltr'>reliquit.</span> <span class='ocrx_word' id='word_1_130' title='bbox 1384 1416 1485 1476; x_wconf 86' lang='lat' dir='ltr'>Qui</span> 
     </span>
     <span class='ocr_line' id='line_1_21' title="bbox 188 1483 1485 1550; baseline 0.001 -18"><span class='ocrx_word' id='word_1_131' title='bbox 188 1499 239 1532; x_wconf 82' lang='lat' dir='ltr'>et</span> <span class='ocrx_word' id='word_1_132' title='bbox 266 1486 482 1534; x_wconf 86' lang='lat' dir='ltr'>nondum</span> <span class='ocrx_word' id='word_1_133' title='bbox 511 1484 574 1533; x_wconf 76' lang='lat' dir='ltr'>ad</span> <span class='ocrx_word' id='word_1_134' title='bbox 603 1486 748 1533; x_wconf 84' lang='lat' dir='ltr'>finem</span> <span class='ocrx_word' id='word_1_135' title='bbox 766 1484 1001 1549; x_wconf 86' lang='lat' dir='ltr'>perducto</span> <span class='ocrx_word' id='word_1_136' title='bbox 1024 1485 1240 1546; x_wconf 84' lang='lat' dir='ltr'>Polluce,</span> <span class='ocrx_word' id='word_1_137' title='bbox 1272 1483 1485 1550; x_wconf 81' lang='lat' dir='ltr'>philoso-</span> 
     </span>
     <span class='ocr_line' id='line_1_22' title="bbox 189 1550 1483 1618; baseline -0.001 -17"><span class='ocrx_word' id='word_1_138' title='bbox 189 1552 331 1618; x_wconf 83' lang='lat' dir='ltr'>phiae</span> <span class='ocrx_word' id='word_1_139' title='bbox 366 1566 415 1601; x_wconf 89' lang='lat' dir='ltr'>et</span> <span class='ocrx_word' id='word_1_140' title='bbox 446 1550 646 1601; x_wconf 87' lang='lat' dir='ltr'>mathesi</span> <span class='ocrx_word' id='word_1_141' title='bbox 686 1552 875 1617; x_wconf 87' lang='lat' dir='ltr'>publice</span> <span class='ocrx_word' id='word_1_142' title='bbox 903 1553 1146 1600; x_wconf 80' lang='lat' dir='ltr'>docendae</span> <span class='ocrx_word' id='word_1_143' title='bbox 1176 1551 1225 1598; x_wconf 88' lang='lat' dir='ltr'>in</span> <span class='ocrx_word' id='word_1_144' title='bbox 1245 1551 1336 1600; x_wconf 88' lang='lat' dir='ltr'>hac</span> <span class='ocrx_word' id='word_1_145' title='bbox 1364 1552 1483 1600; x_wconf 86' lang='lat' dir='ltr'>urbe</span> 
     </span>
     <span class='ocr_line' id='line_1_23' title="bbox 189 1619 1486 1686; baseline 0.002 -19"><span class='ocrx_word' id='word_1_146' title='bbox 189 1622 456 1686; x_wconf 81' lang='lat' dir='ltr'>praefectus</span> <span class='ocrx_word' id='word_1_147' title='bbox 472 1620 577 1671; x_wconf 81' lang='lat' dir='ltr'>fuit.</span> <span class='ocrx_word' id='word_1_148' title='bbox 646 1619 777 1677; x_wconf 89' lang='lat' dir='ltr'>Quid</span> <span class='ocrx_word' id='word_1_149' title='bbox 796 1633 997 1686; x_wconf 84' lang='lat' dir='ltr'>uterque</span> <span class='ocrx_word' id='word_1_150' title='bbox 1025 1619 1307 1684; x_wconf 81' lang='lat' dir='ltr'>praestiterit</span> <span class='ocrx_word' id='word_1_151' title='bbox 1326 1639 1382 1668; x_wconf 84' lang='lat' dir='ltr'>ex</span> <span class='ocrx_word' id='word_1_152' title='bbox 1405 1639 1486 1669; x_wconf 88' lang='lat' dir='ltr'>eo-</span> 
     </span>
     <span class='ocr_line' id='line_1_24' title="bbox 189 1686 1483 1755; baseline -0.001 -19"><span class='ocrx_word' id='word_1_153' title='bbox 189 1706 294 1736; x_wconf 80' lang='lat' dir='ltr'>rum</span> <span class='ocrx_word' id='word_1_154' title='bbox 331 1687 699 1755; x_wconf 80' lang='lat' dir='ltr'>praefationibus</span> <span class='ocrx_word' id='word_1_155' title='bbox 740 1686 901 1735; x_wconf 86' lang='lat' dir='ltr'>disces.</span> <span class='ocrx_word' id='word_1_156' title='bbox 987 1687 1215 1753; x_wconf 81' lang='lat' dir='ltr'>Intelligis</span> <span class='ocrx_word' id='word_1_157' title='bbox 1252 1689 1483 1737; x_wconf 84' lang='lat' dir='ltr'>benevole</span> 
     </span>
     <span class='ocr_line' id='line_1_25' title="bbox 186 1755 1484 1821; baseline 0 -17"><span class='ocrx_word' id='word_1_158' title='bbox 186 1755 340 1806; x_wconf 82' lang='lat' dir='ltr'>lector</span> <span class='ocrx_word' id='word_1_159' title='bbox 371 1755 498 1804; x_wconf 89' lang='lat' dir='ltr'>unde</span> <span class='ocrx_word' id='word_1_160' title='bbox 528 1755 665 1804; x_wconf 88' lang='lat' dir='ltr'>nobis</span> <span class='ocrx_word' id='word_1_161' title='bbox 682 1755 800 1803; x_wconf 88' lang='lat' dir='ltr'>haec</span> <span class='ocrx_word' id='word_1_162' title='bbox 820 1755 1165 1821; x_wconf 84' lang='lat' dir='ltr'>praefationum</span> <span class='ocrx_word' id='word_1_163' title='bbox 1185 1773 1235 1804; x_wconf 88' lang='lat' dir='ltr'>se</span> <span class='ocrx_word' id='word_1_164' title='bbox 1299 1756 1355 1803; x_wconf 80' lang='lat' dir='ltr'>s?</span> <span class='ocrx_word' id='word_1_165' title='bbox 1379 1756 1484 1805; x_wconf 87' lang='lat' dir='ltr'>Neo</span> 
     </span>
     <span class='ocr_line' id='line_1_26' title="bbox 189 1775 1484 1890; baseline 0.002 -19"><span class='ocrx_word' id='word_1_166' title='bbox 189 1836 348 1872; x_wconf 80' lang='lat' dir='ltr'>tamen</span> <span class='ocrx_word' id='word_1_167' title='bbox 369 1823 478 1872; x_wconf 90' lang='lat' dir='ltr'>ideo</span> <span class='ocrx_word' id='word_1_168' title='bbox 499 1824 776 1872; x_wconf 88' lang='lat' dir='ltr'>omittendas</span> <span class='ocrx_word' id='word_1_169' title='bbox 797 1822 908 1872; x_wconf 83' lang='lat' dir='ltr'>duxi</span> <span class='ocrx_word' id='word_1_170' title='bbox 941 1823 1043 1873; x_wconf 87' lang='lat' dir='ltr'>illas</span> <span class='ocrx_word' id='word_1_171' title='bbox 1061 1841 1177 1890; x_wconf 88' lang='lat' dir='ltr'>quas</span> <span class='ocrx_word' id='word_1_172' title='bbox 1197 1775 1484 1874; x_wconf 57' lang='lat' dir='ltr'>efiiionibus</span> 
     </span>
     <span class='ocr_line' id='line_1_27' title="bbox 187 1892 1484 1958; baseline 0.002 -19"><span class='ocrx_word' id='word_1_173' title='bbox 187 1892 286 1939; x_wconf 82' lang='lat' dir='ltr'>suis</span> <span class='ocrx_word' id='word_1_174' title='bbox 302 1894 611 1958; x_wconf 80' lang='lat' dir='ltr'>praefixerant</span> <span class='ocrx_word' id='word_1_175' title='bbox 632 1893 852 1955; x_wconf 76' lang='lat' dir='ltr'>Seberus,</span> <span class='ocrx_word' id='word_1_176' title='bbox 878 1894 1155 1954; x_wconf 73' lang='lat' dir='ltr'>Grynaeus,</span> <span class='ocrx_word' id='word_1_177' title='bbox 1178 1895 1484 1942; x_wconf 71' lang='lat' dir='ltr'>Car-teremu-</span> 
     </span>
     <span class='ocr_line' id='line_1_28' title="bbox 187 1958 1485 2023; baseline 0.001 -15"><span class='ocrx_word' id='word_1_178' title='bbox 187 1963 322 2023; x_wconf 73' lang='lat' dir='ltr'>chue,</span> <span class='ocrx_word' id='word_1_179' title='bbox 353 1963 529 2011; x_wconf 72' lang='lat' dir='ltr'>Aldus.</span> <span class='ocrx_word' id='word_1_180' title='bbox 580 1960 743 2008; x_wconf 83' lang='lat' dir='ltr'>Restat</span> <span class='ocrx_word' id='word_1_181' title='bbox 757 1958 837 2008; x_wconf 77' lang='lat' dir='ltr'>hic</span> <span class='ocrx_word' id='word_1_182' title='bbox 857 1961 1320 2008; x_wconf 84' lang='lat' dir='ltr'>commemorandum</span> <span class='ocrx_word' id='word_1_183' title='bbox 1341 1962 1485 2009; x_wconf 86' lang='lat' dir='ltr'>bene-</span> 
     </span>
     <span class='ocr_line' id='line_1_29' title="bbox 187 2027 1487 2106; baseline 0.002 -32"><span class='ocrx_word' id='word_1_184' title='bbox 187 2027 351 2076; x_wconf 84' lang='lat' dir='ltr'>ficium</span> <span class='ocrx_word' id='word_1_185' title='bbox 392 2045 488 2077; x_wconf 85' lang='lat' dir='ltr'>rev.</span> <span class='ocrx_word' id='word_1_186' title='bbox 535 2027 623 2076; x_wconf 80' lang='lat' dir='ltr'>viri</span> <span class='ocrx_word' id='word_1_187' title='bbox 654 2031 870 2078; x_wconf 77' lang='lat' dir='ltr'>Amoldi</span> <span class='ocrx_word' id='word_1_188' title='bbox 906 2031 1137 2106; x_wconf 78' lang='lat' dir='ltr'>Meneni,</span> <span class='ocrx_word' id='word_1_189' title='bbox 1177 2030 1307 2078; x_wconf 84' lang='lat' dir='ltr'>verbi</span> <span class='ocrx_word' id='word_1_190' title='bbox 1338 2028 1487 2079; x_wconf 84' lang='lat' dir='ltr'>divini</span> 
     </span>
     <span class='ocr_line' id='line_1_30' title="bbox 189 2088 1487 2163; baseline 0.002 -20"><span class='ocrx_word' id='word_1_191' title='bbox 189 2088 319 2160; x_wconf 78' lang='lat' dir='ltr'>apud</span> <span class='ocrx_word' id='word_1_192' title='bbox 353 2094 714 2144; x_wconf 79' lang='lat' dir='ltr'>Daventriense&#39;s</span> <span class='ocrx_word' id='word_1_193' title='bbox 754 2096 1004 2161; x_wconf 87' lang='lat' dir='ltr'>praeconis</span> <span class='ocrx_word' id='word_1_194' title='bbox 1045 2095 1359 2158; x_wconf 73' lang='lat' dir='ltr'>disertissimi,</span> <span class='ocrx_word' id='word_1_195' title='bbox 1401 2097 1487 2163; x_wconf 86' lang='lat' dir='ltr'>qui</span> 
     </span>
     <span class='ocr_line' id='line_1_31' title="bbox 189 2163 1488 2231; baseline 0.003 -20"><span class='ocrx_word' id='word_1_196' title='bbox 189 2163 325 2212; x_wconf 87' lang='lat' dir='ltr'>nobis</span> <span class='ocrx_word' id='word_1_197' title='bbox 354 2164 540 2228; x_wconf 85' lang='lat' dir='ltr'>copiam</span> <span class='ocrx_word' id='word_1_198' title='bbox 569 2164 684 2212; x_wconf 80' lang='lat' dir='ltr'>fecit</span> <span class='ocrx_word' id='word_1_199' title='bbox 703 2163 827 2211; x_wconf 84' lang='lat' dir='ltr'>illius</span> <span class='ocrx_word' id='word_1_200' title='bbox 848 2163 1028 2212; x_wconf 84' lang='lat' dir='ltr'>codicis</span> <span class='ocrx_word' id='word_1_201' title='bbox 1057 2165 1142 2231; x_wconf 90' lang='lat' dir='ltr'>qui</span> <span class='ocrx_word' id='word_1_202' title='bbox 1164 2164 1488 2214; x_wconf 80' lang='lat' dir='ltr'>Falckenbur-</span> 
     </span>
     <span class='ocr_line' id='line_1_32' title="bbox 187 2230 1486 2298; baseline 0.003 -21"><span class='ocrx_word' id='word_1_203' title='bbox 187 2230 356 2298; x_wconf 80' lang='lat' dir='ltr'>gianus</span> <span class='ocrx_word' id='word_1_204' title='bbox 382 2231 524 2280; x_wconf 86' lang='lat' dir='ltr'>audit.</span> <span class='ocrx_word' id='word_1_205' title='bbox 591 2231 738 2280; x_wconf 84' lang='lat' dir='ltr'>Cuius</span> <span class='ocrx_word' id='word_1_206' title='bbox 770 2231 1016 2281; x_wconf 79' lang='lat' dir='ltr'>historiam</span> <span class='ocrx_word' id='word_1_207' title='bbox 1051 2250 1203 2297; x_wconf 87' lang='lat' dir='ltr'>quum</span> <span class='ocrx_word' id='word_1_208' title='bbox 1232 2247 1397 2282; x_wconf 82' lang='lat' dir='ltr'>narret</span> <span class='ocrx_word' id='word_1_209' title='bbox 1426 2234 1486 2281; x_wconf 88' lang='lat' dir='ltr'>cl.</span> 
     </span>
     <span class='ocr_line' id='line_1_33' title="bbox 187 2298 1488 2365; baseline 0.001 -17"><span class='ocrx_word' id='word_1_210' title='bbox 187 2301 507 2360; x_wconf 67' lang='lat' dir='ltr'>heder-lmus,</span> <span class='ocrx_word' id='word_1_211' title='bbox 551 2298 752 2347; x_wconf 84' lang='lat' dir='ltr'>eandem</span> <span class='ocrx_word' id='word_1_212' title='bbox 782 2298 865 2348; x_wconf 84' lang='lat' dir='ltr'>hic</span> <span class='ocrx_word' id='word_1_213' title='bbox 895 2315 1111 2365; x_wconf 84' lang='lat' dir='ltr'>repetere</span> <span class='ocrx_word' id='word_1_214' title='bbox 1142 2302 1274 2352; x_wconf 91' lang='lat' dir='ltr'>nolo.</span> <span class='ocrx_word' id='word_1_215' title='bbox 1342 2301 1488 2351; x_wconf 86' lang='lat' dir='ltr'>mum</span> 
     </span>
     <span class='ocr_line' id='line_1_34' title="bbox 189 2366 1490 2434; baseline 0.005 -22"><span class='ocrx_word' id='word_1_216' title='bbox 189 2366 407 2432; x_wconf 83' lang='lat' dir='ltr'>profecto</span> <span class='ocrx_word' id='word_1_217' title='bbox 456 2367 818 2434; x_wconf 79' lang='lat' dir='ltr'>Falckenburgii</span> <span class='ocrx_word' id='word_1_218' title='bbox 871 2368 1074 2417; x_wconf 85' lang='lat' dir='ltr'>credidit</span> <span class='ocrx_word' id='word_1_219' title='bbox 1115 2369 1188 2418; x_wconf 89' lang='lat' dir='ltr'>Cl.</span> <span class='ocrx_word' id='word_1_220' title='bbox 1242 2371 1490 2421; x_wconf 72' lang='lat' dir='ltr'>Graevius</span> 
     </span>
     <span class='ocr_line' id='line_1_35' title="bbox 188 2434 1491 2503; baseline 0.004 -23"><span class='ocrx_word' id='word_1_221' title='bbox 188 2451 336 2481; x_wconf 83' lang='lat' dir='ltr'>meus.</span> <span class='ocrx_word' id='word_1_222' title='bbox 402 2434 587 2483; x_wconf 87' lang='lat' dir='ltr'>Indices</span> <span class='ocrx_word' id='word_1_223' title='bbox 620 2455 676 2502; x_wconf 82' lang='lat' dir='ltr'>pl</span> <span class='ocrx_word' id='word_1_224' title='bbox 680 2454 800 2484; x_wconf 81' lang='lat' dir='ltr'>mres</span> <span class='ocrx_word' id='word_1_225' title='bbox 834 2450 1062 2502; x_wconf 86' lang='lat' dir='ltr'>quatuor,</span> <span class='ocrx_word' id='word_1_226' title='bbox 1104 2437 1191 2503; x_wconf 89' lang='lat' dir='ltr'>qui</span> <span class='ocrx_word' id='word_1_227' title='bbox 1221 2436 1283 2486; x_wconf 89' lang='lat' dir='ltr'>ad</span> <span class='ocrx_word' id='word_1_228' title='bbox 1308 2451 1491 2486; x_wconf 87' lang='lat' dir='ltr'>textum</span> 
     </span>
    </p>
   </div>
   <div class='ocr_carea' id='block_1_3' title="bbox 95 2500 1491 2570">
    <p class='ocr_par' dir='ltr' id='par_1_3' title="bbox 95 2500 1491 2570">
     <span class='ocr_line' id='line_1_36' title="bbox 95 2500 1491 2570; baseline 0.004 -23"><span class='ocrx_word' id='word_1_229' title='bbox 95 2517 106 2525; x_wconf 60' lang='lat'>²</span> <span class='ocrx_word' id='word_1_230' title='bbox 187 2500 396 2550; x_wconf 83' lang='lat' dir='ltr'>Pollucis</span> <span class='ocrx_word' id='word_1_231' title='bbox 420 2517 652 2568; x_wconf 80' lang='lat' dir='ltr'>spectant,</span> <span class='ocrx_word' id='word_1_232' title='bbox 685 2521 851 2565; x_wconf 87' lang='lat' dir='ltr'>novos,</span> <span class='ocrx_word' id='word_1_233' title='bbox 887 2522 1064 2570; x_wconf 87' lang='lat' dir='ltr'>eosque</span> <span class='ocrx_word' id='word_1_234' title='bbox 1100 2520 1208 2555; x_wconf 89' lang='lat' dir='ltr'>ante</span> <span class='ocrx_word' id='word_1_235' title='bbox 1232 2504 1324 2554; x_wconf 78' lang='lat' dir='ltr'>hac</span> <span class='ocrx_word' id='word_1_236' title='bbox 1353 2504 1491 2554; x_wconf 85' lang='lat' dir='ltr'>editis</span> 
     </span>
    </p>
   </div>
   <div class='ocr_carea' id='block_1_4' title="bbox 186 2562 1494 2687">
    <p class='ocr_par' dir='ltr' id='par_1_4' title="bbox 186 2562 1494 2687">
     <span class='ocr_line' id='line_1_37' title="bbox 186 2562 1494 2640; baseline 0.009 -27"><span class='ocrx_word' id='word_1_237' title='bbox 186 2562 344 2634; x_wconf 84' lang='lat' dir='ltr'>longe</span> <span class='ocrx_word' id='word_1_238' title='bbox 353 2571 607 2635; x_wconf 76' lang='lat' dir='ltr'>ampliores</span> <span class='ocrx_word' id='word_1_239' title='bbox 631 2586 678 2620; x_wconf 85' lang='lat' dir='ltr'>et</span> <span class='ocrx_word' id='word_1_240' title='bbox 699 2573 1026 2636; x_wconf 82' lang='lat' dir='ltr'>accuratiores,</span> <span class='ocrx_word' id='word_1_241' title='bbox 1059 2572 1270 2624; x_wconf 80' lang='lat' dir='ltr'>confecit</span> <span class='ocrx_word' id='word_1_242' title='bbox 1288 2576 1494 2640; x_wconf 77' lang='lat' dir='ltr'>Stepha-</span> 
     </span>
     <span class='ocr_line' id='line_1_38' title="bbox 1149 2647 1222 2687; baseline 0.041 -3"><span class='ocrx_word' id='word_1_243' title='bbox 1149 2657 1175 2684; x_wconf 84' lang='grc' dir='ltr'>ιι</span> <span class='ocrx_word' id='word_1_244' title='bbox 1194 2647 1222 2687; x_wconf 79' lang='lat'>2</span> 
     </span>
    </p>
   </div>
  </div>
 </body>
</html>
