1664 2950
290 120 350 175 *62
585 115 823 179 TIBERH
848 114 1296 158 HEMSTERHUIS

295 227 595 277 enumeravit,
641 226 845 269 omnibus
871 234 934 269 est
970 227 1140 284 legendi
1169 236 1373 286 potestas.
1437 230 1583 274 Philo-

296 292 479 337 stratus,
507 293 559 327 ut
584 282 855 340 aequabilem
882 298 964 325 nec
989 284 1229 327 incomtum
1257 284 1454 328 ostendat
1478 302 1582 330 ora-

296 339 430 382 tionis
458 348 655 382 tenorem
682 338 885 380 habuisse
911 347 1109 382 nostrum
1146 341 1388 394 Pollucem,
1419 342 1506 384 has·
1524 357 1581 386 ex

327 397 484 438 uodam
513 396 604 437 eius
645 395 806 452 scripto
842 394 1048 451 reliquias
1076 397 1288 440 servavit:
1329 396 1353 441 ὁ
1381 397 1582 455 Πρωτεὺς

296 469 321 495 ο
348 450 534 506 Φάριος,
563 448 612 493 τὸ
637 453 789 505 θαῦμα
814 449 1138 521 τόὋμηρικόν,
1165 453 1322 496 πολλαὶ
1344 452 1423 507 μὲν
1441 452 1580 498 αὐτοῦ

289 507 367 551 οιαὶ
382 508 619 557 πολυειδεῖς
641 507 686 548 αἱ
707 506 887 562 μορφαί·
917 521 990 549 και
1005 505 1088 562 γὰρ
1107 507 1150 558 ἐς
1167 507 1287 566 ὕδωρ
1303 510 1483 563 αἴρεται,
1506 510 1580 553 καὶ

294 564 338 614 ἐς
364 567 449 619 πῦρ
475 562 665 610 ἅπτεται,
709 562 782 604 καὶ
807 562 848 613 ἐς
874 560 1025 606 λέοντα
1055 567 1292 619 θυμοῦται,
1330 565 1404 608 καὶ
1429 566 1472 616 ἐς
1496 569 1581 609 σῦν

295 618 428 677 ὁρμᾷ,
456 619 528 662 καὶ
558 618 599 670 ἐς
625 615 841 674 δράκοντα
857 618 929 661 καὶ
946 618 988 669 ἐς
1003 617 1218 674 πάρδαλιν
1242 619 1373 672 ἄπει,
1398 622 1472 664 καὶ
1491 620 1581 665 δέν-

294 677 403 731 δρον
432 674 488 732 ἢν
511 674 680 731 γένηται
712 677 851 733 κομᾷ·
880 689 992 730 quae
1010 676 1119 717 mihi
1137 676 1367 719 commoda
1389 678 1581 733 quadam

293 740 338 772 et
352 733 611 773 naturaliter
630 739 751 787 grata
769 731 982 772 suavitate
996 732 1200 773 videntur
1217 731 1407 775 delibuta
1419 748 1432 774 ε
1453 741 1580 790 post-

284 802 352 839 ea,
374 788 658 830 Philostratus
687 787 772 828 alio
803 787 995 841 quodam
1027 785 1262 843 specimine
1289 787 1576 841 demonstrat,

292 858 508 898 quaenam
538 842 672 885 fuerit
689 842 873 884 Pollucis
892 842 1172 885 declamantis
1189 843 1403 886 scribendi
1424 844 1577 887 dicen-

225 897 278 938 33
293 900 423 955 dique
451 898 584 941 ratioz
619 899 742 941 istius
771 906 919 940 autem
954 898 1301 953 declamationis,
1329 901 1447 942 unde
1465 910 1576 957 quae

290 964 394 998 sunt
426 955 477 997 ad
508 955 627 997 illam
659 969 753 998 rem
792 954 1021 1006 desumsit,
1064 969 1140 996 seu
1170 955 1293 996 cuius
1324 955 1470 1013 potius
1501 955 1577 999 illa

291 1011 517 1053 continent
565 1018 895 1067 argumentum,
952 1010 1132 1052 titulum
1165 1009 1298 1052 fuisse
1335 1010 1574 1068 Νησιώτας,

290 1081 504 1124 perquam
533 1067 693 1122 legenti
722 1066 1031 1108 Philostratum
1058 1067 1309 1108 verosimile
1333 1067 1429 1109 fiet:
1471 1083 1577 1110 cum

289 1137 396 1164 vero
431 1122 547 1164 inter
583 1123 754 1164 labores
785 1123 888 1164 alios
915 1122 1136 1164 Pollucem
1176 1122 1359 1165 edidisse
1386 1121 1577 1173 Μελετᾶς

285 1179 443 1222 Suidas
479 1185 814 1230 commemoret,
863 1192 953 1219 non
982 1178 1174 1220 alienum
1207 1193 1233 1219 a
1273 1178 1577 1234 probabilitate

285 1234 400 1277 mihi
420 1235 617 1285 videtur,
646 1234 694 1275 in
712 1234 795 1276 isto
831 1233 1195 1276 declamationum
1215 1235 1438 1277 volumine
1461 1235 1579 1276 exti-

289 1291 392 1333 tisse
418 1290 496 1332 hos
516 1289 758 1346 Νησιώτας·
783 1290 856 1331 sed
874 1288 982 1331 haec
997 1290 1238 1333 sciamusne
1253 1304 1309 1332 an
1327 1290 1577 1345 ignoremus

286 1360 446 1402 parum
474 1347 643 1388 attinet.
700 1348 838 1388 Porro
870 1360 1006 1387 manu
1038 1345 1296 1403 descriptam
1321 1347 1578 1388 Onomasti-

288 1401 495 1458 cogi-aphi
530 1402 787 1454 Arcadiam,
817 1415 952 1455 quam
971 1400 1127 1444 Suidas
1143 1398 1404 1455 Ἀρκαδικόν
1422 1403 1578 1460 appel-

287 1459 363 1509 lat,
387 1458 433 1499 in
453 1458 643 1500 Budensi
663 1456 924 1499 bibliotheca
946 1456 1135 1514 reperiri
1151 1456 1315 1501 indicat
1333 1473 1358 1499 e
1379 1457 1576 1500 Gesnero

286 1516 321 1556 I.
355 1513 409 1555 G.
441 1514 615 1557 Vossius
642 1514 697 1556 de
732 1513 893 1556 Histor.
926 1512 1080 1555 Graec.
1109 1513 1184 1566 IV,
1214 1519 1279 1558 17.
1346 1513 1433 1556 Sed
1459 1513 1578 1556 inter

286 1569 477 1611 Pollucis
513 1585 644 1626 opera
678 1569 872 1612 maxime
897 1568 1127 1610 hominum
1165 1568 1471 1624 elegantiorum
1501 1577 1578 1611 tu-

284 1625 385 1667 lisse
417 1626 600 1668 calculos
631 1625 722 1668 eius
757 1624 1096 1672 Onomasticon,
1151 1639 1206 1666 ex
1242 1639 1294 1666 eo
1331 1625 1577 1682 comperire

286 1680 411 1733 licet,
452 1683 569 1736 quod
609 1696 714 1739 prae
751 1679 906 1722 ceteris
935 1679 1136 1721 omnibus
1168 1679 1415 1734 voraginem
1451 1681 1575 1723 illam

284 1737 759 1793 praestantissimorum
784 1743 1013 1777 auctorum
1046 1742 1303 1776 vetustatem
1329 1735 1429 1777 dico
1458 1735 1576 1778 effu-
1640 1747 1647 1751 ‘

283 1791 424 1847 gerit:
452 1791 505 1832 de
521 1791 602 1833 hoc
620 1791 753 1846 igitur
779 1790 912 1846 paulo
946 1789 1099 1832 maiori
1127 1804 1227 1832 cum
1245 1804 1351 1832 cura
1373 1791 1482 1833 mihi
1503 1791 1574 1833 di-

284 1847 468 1888 cendum
500 1847 725 1888 constitui:
777 1845 894 1900 quod
922 1853 972 1888 ut
999 1845 1156 1887 ordine
1184 1845 1263 1887 fiat
1293 1854 1337 1887 et
1364 1847 1572 1903 legitime,

285 1903 499 1957 quosdam
525 1901 637 1944 mihi
664 1902 824 1944 limites
849 1900 1091 1957 praefinivi,
1119 1908 1172 1942 ut
1196 1901 1339 1957 primo
1362 1901 1575 1946 nimirum

282 1958 377 2000 loco
397 1957 451 1998 de
473 1958 759 2000 Onomasticis
784 1956 1057 2012 generaliter,
1086 1958 1375 2013 componendi
1393 1960 1575 2012 ratione,

282 2027 526 2065 eorumque
555 2014 687 2055 variis
716 2012 999 2068 scriptoribus
1025 2026 1175 2067 agam3
1217 2020 1310 2055 tum
1341 2013 1499 2056 deinde
1518 2014 1575 2056 de

279 2069 422 2111 nostri
447 2069 628 2111 Pollucis
649 2068 925 2111 Onomastico
952 2067 1220 2123 capitulatim
1243 2068 1474 2125 disputem.
1532 2071 1574 2115 A

281 2138 443 2167 vocum
485 2139 592 2166 vero
639 2125 862 2166 notatione
897 2123 960 2164 rei
1001 2123 1292 2179 expediendae
1322 2125 1572 2167 ducendum

280 2195 369 2221 esse
398 2179 573 2222 initium
606 2180 689 2222 viri
715 2180 850 2223 literis
875 2178 1206 2221 humanioribus
1228 2179 1451 2222 cultissimi
1467 2196 1570 2224 san-

277 2243 466 2286 xerunt5
485 2249 671 2293 quorum
690 2251 770 2292 ego
788 2234 956 2277 statutis
977 2233 1258 2277 libentissime
1270 2250 1437 2278 morem
1449 2250 1570 2292 gero.

275 2289 582 2344 Ὀνομαστικόν
611 2292 746 2346 igitur
781 2290 970 2347 βιβλίον,
1007 2297 1057 2331 ut
1084 2290 1211 2345 plene
1241 2290 1400 2332 Pollux
1442 2292 1569 2335 effert

275 2346 353 2389 lib.
374 2346 448 2389 IX.
477 2347 660 2402 praefat.
683 2355 727 2389 et
754 2347 801 2390 in
824 2345 1012 2388 Labbaei
1042 2344 1187 2386 codice
1217 2344 1302 2386 fuit
1335 2345 1564 2404 scriptum,

275 2416 405 2443 nemo
432 2402 668 2454 dubitabit,
697 2403 803 2458 quin
838 2399 1070 2443 descendat
1095 2416 1120 2442 a
1149 2400 1330 2443 vocibus
1366 2398 1505 2456 ὄνομα
1523 2410 1567 2444 et

278 2454 522 2512 ὀνομάζειν,
551 2459 807 2510 nominare,
836 2456 1017 2499 nomina
1034 2455 1281 2513 imponere3
1312 2456 1567 2499 Onomasti-

275 2527 429 2554 corum
455 2513 600 2570 itaque
629 2528 789 2557 munus
820 2521 908 2564 est,
959 2510 1187 2555 commoda
1211 2511 1344 2553 rebus
1383 2513 1565 2555 nomina

274 2568 516 2627 imponere,
545 2577 591 2626 et
610 2569 768 2615 docere
792 2568 951 2628 quibus
981 2567 1126 2614 verbis
1148 2566 1352 2621 uberiore
1373 2567 1563 2626 quadam
