1664 2950
284 100 343 144 04
573 98 1297 143 TlBEmIBEMs‘rERHUIS

284 211 585 268 Ὅνομαστικῷ.
641 211 712 256 Ex
741 210 863 254 dietis
897 212 1014 254 clare
1034 213 1202 266 elucet,
1231 227 1345 270 quae
1373 215 1429 259 sit
1458 214 1582 260 diffo·

286 270 394 312 ritas
431 270 548 310 inter
591 268 896 316 Onomafflca,
948 268 1087 310 lexica
1108 277 1157 310 et
1194 271 1367 324 glossas·
1420 273 1581 316 Lexiou

289 325 478 366 enimet
509 324 673 379 glossae
707 323 982 378 scruposiora
1015 326 1197 368 nomina
1226 326 1463 371 studiosius
1487 343 1581 372 ex-

290 379 549 439 planabam,
579 387 623 420 et
647 379 695 420 in
720 379 920 421 ordinem
945 380 1169 423 literarum
1190 381 1431 438 plurimum
1453 384 1578 441 dige-

289 436 524 479 rebantur:
554 449 651 476 eam
680 435 736 476 ob
762 435 976 476 rationem
1003 437 1203 478 meminit
1222 438 1474 482 Eustatliius
1499 444 1578 484 As-

285 492 413 544 ξικοΰ
442 493 631 533 παλαιοῦ
657 489 765 534 κατὰ
786 495 1014 546 στοιχεῖον,
1046 499 1088 534 et
1109 493 1212 535 alibi
1231 497 1317 537 τοῦ
1327 493 1575 550 γράψαντος

282 548 336 592 ,ἐν
366 550 607 603 στοιχειακῇ
627 544 740 599 τάξει
763 545 935 598 λέξεων·
966 562 1079 602 quae
1103 562 1196 601 res,
1232 549 1269 591 si
1295 549 1339 592 id
1355 559 1574 607 ageretur,

286 605 488 660 pluribus
517 604 727 660 exemplis
757 603 940 645 stabiliri
969 611 1134 658 posset:
1186 604 1232 646 id
1260 611 1408 648 tamen
1437 608 1574 664 probe

287 658 557 714 compertum
579 659 740 711 habeo,
775 659 857 700 sub
881 658 1035 716 primis
1061 658 1302 703 lexicorum
1328 661 1574 707 incunabu-

285 717 339 758 lis
357 716 460 756 haec
483 723 647 757 temere
669 715 798 757 fuisse
824 717 1081 771 composita,
1113 717 1319 771 nullaque
1338 717 1572 762 literarum

284 771 398 813 serie
435 779 630 814 servata:
686 771 759 812 sed
796 778 966 827 postea,
1014 785 1114 814 cum
1149 773 1573 818 animadverteretur

284 842 384 869 eam
419 826 633 868 scribendi
667 828 882 868 rationem
919 841 1008 868 non
1046 842 1203 884 parum
1240 829 1569 873 >incommodam

285 882 521 939 quaesituri
547 882 714 925 lectoris
751 882 951 935 utilitati,
995 883 1043 924 in
1071 883 1399 936 desuetudinem
1428 885 1569 928 ferme

284 939 357 982 hic
388 939 621 994 indigestus
646 938 784 980 lexica
814 946 858 980 et
893 939 1051 994 glossas
1081 942 1372 996 componendi
1411 943 1567 987 modus

284 995 411 1038 abiit:
441 994 722 1050 quod'‘tamen
742 993 778 1035 si
798 994 894 1052 quis
914 995 1224 1049 expositionem
1258 1011 1418 1038 vocum
1448 997 1572 1040 disfi-

284 1051 481 1093 ciliorum
510 1050 623 1092 libro
657 1052 1017 1107 complecteretur
1057 1052 1178 1093 nullo
1215 1052 1382 1094 ordinis
1420 1053 1570 1097 habito

283 1114 512 1162 respectu,
540 1107 642 1148 talia
665 1106 893 1148 volumina
925 1107 1186 1163 plerumque
1220 1108 1420 1151 solebant
1457 1119 1571 1165 ova-⁴

285 1164 467 1219 μίκτων,
505 1163 738 1218 συμμίκτης
762 1160 928 1213 λέξεως,
957 1165 1293 1219 χρηστομωθείας
1321 1172 1401 1207 etc.
1430 1165 1568 1208 titulis

283 1220 483 1262 inscribi:
514 1219 567 1259 de
587 1221 669 1260 hoo
683 1227 829 1260 autem
850 1226 1108 1274 argumento
1131 1233 1219 1260 non
1240 1234 1566 1278 pauca‘possem

282 1289 365 1317 nec
393 1273 564 1316 inutilia
590 1274 703 1316 forte
734 1288 833 1315 cum
855 1274 1014 1316 lectore
1035 1275 1371 1329 communicare,
1400 1284 1453 1319 ut
1476 1287 1568 1320 non

282 1330 477 1386 vulgaria
512 1345 590 1372 nec
618 1331 938 1372 contemnenda
982 1330 1276 1387 praestantiss.
1312 1332 1566 1385 Maussacus

279 1400 414 1443 super
434 1401 486 1427 eo
507 1386 664 1428 scribat
686 1386 732 1428 in
760 1386 1056 1428 dissertatione
1085 1386 1248 1437 critica,
1267 1400 1399 1442 quem
1417 1387 1565 1445 ipsum

280 1450 429 1484 tamen
460 1442 598 1499 quivis
633 1457 796 1496 aequus
825 1457 974 1484 rerum
1012 1442 1263 1495 aestimator
1295 1457 1374 1486 sua
1407 1443 1567 1486 debere

278 1499 489 1555 pleraque
513 1497 759 1539 doctissimo
783 1498 1005 1542 Wowerio
1030 1512 1119 1540 non
1144 1497 1225 1540 ibit
1252 1498 1429 1541 inficias.
1481 1500 1567 1542 Hie

279 1570 369 1596 non
390 1553 549 1596 inutilis
575 1569 600 1596 a
619 1553 744 1595 nobis
764 1553 1016 1596 instituatur
1039 1553 1242 1608 quaestio.
1272 1554 1325 1596 ad
1352 1566 1480 1611 quam
1498 1555 1565 1598 ni-¹

214 1611 440 1663 34mirum
478 1609 782 1665 grammatices
822 1618 989 1665 partem
1014 1610 1305 1652 Onomastica
1327 1612 1558 1667 pertinere

279 1667 366 1708 sint
395 1666 636 1706 censenda:
665 1664 721 1706 de.
747 1665 894 1707 lexicis
914 1674 966 1707 et
995 1666 1144 1719 glossis
1168 1665 1285 1717 idem
1312 1666 1397 1708 hoc
1421 1677 1566 1722 'quae-

276 1721 408 1763 situ-m
437 1720 522 1761 fuit
547 1720 601 1761 ab
619 1721 793 1762 eximiis
822 1721 1046 1762 literarum
1072 1721 1361 1765 columinibus
1380 1722 1565 1767 Wowe-

275 1777 346 1819 rio
372 1784 414 1817 et
434 1777 682 1818 Maussaro:
710 1776 781 1817 hic
797 1784 941 1817 autem
963 1777 1309 1831 praenotandum
1330 1785 1409 1830 est,
1437 1778 1559 1834 quod

275 1840 366 1875 tres
394 1831 697 1887 grammatices
718 1846 807 1872 esse
840 1839 985 1887 partes
1010 1831 1161 1874 literati
1186 1839 1352 1874 veteres
1370 1834 1562 1876 tradide-

274 1889 388 1941 rint,
426 1885 643 1942 τεχνικὴν,
676 1885 921 1943 ἒξηγητικήν
945 1895 987 1928 et
1007 1885 1214 1942 κριτικήν·
1242 1888 1285 1929 in
1303 1889 1458 1944 quibus
1479 1904 1567 1932 ex·-

307 1944 490 1984 onendis
526 1951 569 1984 et
604 1943 868 1984 declarandis
898 1958 962 1984 >ne
988 1943 1252 1984 commorari
1279 1959 1449 1987 necesse
1483 1945 1567 1988 hae·

273 1958 416 2050 fleam,
445 1998 551 2040 fecit
578 1998 873 2040 laudatissima
892 1997 1103 2043 Wowerii
1127 2006 1171 2039 et
1193 1999 1404 2042 Maussaci
1423 2001 1563 2043 indu-

275 2055 404 2097 stria:
434 2057 510 2109 qui
536 2069 640 2097 vero
667 2054 921 2110 cognoverit
947 2053 1134 2096 formam
1164 2055 1379 2097 secundae
1405 2071 1560 2112 gram-

274 2111 449 2153 manices
473 2110 631 2166 partis,
657 2110 884 2152 confestim
905 2110 1033 2152 vistius
1063 2125 1152 2152 esse
1168 2110 1342 2154 ditionis
1365 2114 1562 2155 Onoma-

270 2167 374 2208 stica
403 2165 653 2223 perspiciet:
689 2173 924 2207 versantur
951 2165 1067 2208 enim
1099 2180 1196 2208 cum
1226 2166 1271 2208 in
1290 2181 1437 2209 rerum
1458 2176 1562 2210 tum·

269 2222 315 2264 in
338 2222 574 2264 verborum
604 2221 918 2279 explicatione,
966 2235 1078 2276 quae
1108 2222 1198 2263 suis
1224 2236 1422 2280 quaeque
1448 2224 1564 2266 locis·

267 2277 519 2334 usurpanda
548 2276 775 2334 diligenter
801 2277 1039 2333 assignant:
1075 2277 1146 2318 sed
1170 2285 1394 2334 praeterea
1419 2289 1563 2322 nemo·

268 2347 429 2389 negare
459 2331 596 2382 ausit,
627 2335 733 2376 haec
750 2335 931 2375 omnino
949 2333 1105 2390 opibus
1126 2332 1240 2375 illius
1259 2347 1491 2388 supremae
1508 2342 1563 2377 et·

267 2389 492 2431 nobilioris
518 2387 828 2441 grammaticae
853 2387 987 2445 partis
1015 2388 1230 2443 indigere:
1263 2387 1553 2432 <iudicandum

268 2444 385 2486 enim
418 2444 669 2501 saepissime
698 2444 756 2486 de
782 2445 978 2487 bonitate
1008 2451 1051 2485 et
1076 2443 1293 2500 pravitate
1317 2445 1556 2487 vocabulo-

265 2514 391 2552 rum,
419 2499 618 2556 genuinis
643 2508 875 2543 auctorum
901 2507 945 2542 et
975 2499 1123 2542 nothis
1146 2498 1342 2557 scriptis,
1368 2499 1554 2555 aliisque

265 2555 618 2614 quamplurimis
634 2556 779 2612 rebus,
808 2570 1004 2614 quarum·
1026 2555 1316 2615 proprius-est
1334 2555 1382 2602 in
1400 2555 1561 2602 eritius·
