1664 2950
238 125 324 167 262
793 121 846 165 V.
901 127 969 169 80.

233 230 341 284 τούς
370 230 586 286 ὀδόντας,
608 232 752 287 ἔφριξε
783 230 864 289 τὴν
892 234 1066 290 λοφίαν,
1094 235 1276 292 λεχρίοις
1303 235 1545 292 παρέβλεψι

203 332 206 334 -
232 305 326 351 τοῖς
355 300 539 356 ὄμμασι.
570 300 800 355 πυῤῥῶδες
827 299 1074 358 ὑποβλέπει,
1102 308 1194 355 τοῖς
1220 301 1404 356 ὀδοῦσιν
1431 301 1547 348 α’ντι·

183 359 188 362 ’
233 371 439 422 παταγεῖ,
493 371 556 425 τῷ
607 366 717 422 πρὸς
762 365 976 424 ἀλλήλους
1012 369 1164 428 κόμπῳ
1210 375 1300 416 τῶν
1347 369 1543 415 ὀδόντων

233 432 418 486 ἀπειλεῖ,
446 439 536 489 πῦρ
568 434 615 479 ἐκ
641 439 730 478 τῶν
758 433 1003 492 ὀφθαλμοῖν
1031 435 1222 494 ἀφίησιν,
1252 435 1396 495 ἀφρὸς
1423 436 1544 495 αὐτῷ·

230 505 324 551 τοῖς
366 501 648 556 χαυλιόδουσι
697 507 878 556 περιζεῖ,
919 503 1078 560 τραχύς
1107 505 1195 549 ἐστι
1231 504 1342 563 πρὸς
1376 503 1570 562 ὀργὴν,5

235 565 478 621 ἀκάθεκτος
517 568 597 614 τόν
639 569 813 627 θυμὸν,
853 569 1090 628 δύσμαχος,
1121 572 1383 625 δυσάλωτος,
1415 574 1545 616 δυσα-

232 634 458 691 γώνιστος,
479 642 714 692 προωθῶν,
735 637 1390 695 προρῤηγνύμενος,έμπίπτων,
1410 650 1546 696 προσ-

233 703 427 756 πίπτων,
458 702 724 760 ἀνατρέπων.
781 705 955 750 κόπτων
981 712 1073 758 τοῖς
1102 705 1320 760 ὀδοῦσιν,
1339 705 1544 764 ἀνοίγων,

234 766 527 855 ἀναῤῥηγνύς.
559 772 676 832 ῥύμῃ
707 773 861 826 ἐπιών,
891 772 1046 830 ῥόθιος
1075 777 1452 831 συμπροσχωρων,
1481 775 1545 830 βί-

173 843 327 890 8οαιος
356 838 436 896 τήν
465 840 618 899 ἱρμήν,
649 843 928 898 δυσκίνητος,
961 841 1373 904 δυσκαταγώνιστος.
1427 841 1541 885 *καὶ
1554 853 1598 888 10

235 903 312 956 τὰς
341 905 478 961 ἄρκυς
514 907 763 960 διακόψειεν
793 907 873 962 ἂν,
917 910 991 953 καὶ
1023 909 1100 961 τὰς
1139 907 1341 960 στάλικας
1369 907 1543 965 ἀνατρέ-

235 979 342 1024 ψειε,
372 976 445 1017 καὶ
471 975 525 1019 τά
555 977 714 1031 δένδρα
747 974 961 1033 πρόῤῥιζα
990 977 1247 1032 ἐκτρίψειεν,
1275 973 1542 1032 ὑπέρθυμος,

241 1029 531 1098 δυσόργητος,
586 1044 797 1099 ἔμπυρος,
846 1044 1141 1101 ὑπέρασθμος.
1198 1046 1237 1088 εἰ
1273 1042 1319 1087 δε
1353 1045 1544 1099 πλαγίως

231 1113 324 1159 τοῖς
352 1107 506 1154 ὀδοῦσι
533 1113 679 1166 θίγοι,
707 1116 797 1155 τῶν
824 1117 969 1156 κυνῶν
999 1112 1047 1157 τὸ
1076 1113 1264 1168 τρίχωμα
1301 1110 1539 1167 ἓπέφλδξέν·

233 1177 270 1220 εί
300 1177 346 1220 δὲ
377 1175 647 1221 ἀποθανόντι
689 1182 750 1236 τῷ
783 1177 1061 1234 χαυλιόδοντι
1108 1177 1412 1235 προσενέγκαις
1454 1180 1595 1233 tol-15

230 1261 330 1300 χας,
361 1244 420 1295 ὦς
447 1243 529 1289 ἀπὸ
559 1243 698 1298 πυρὸς
727 1248 773 1289 αἱ
808 1247 944 1302 τρίχες
973 1246 1290 1303 συντρέχουσιν.
1322 1245 1438 1290 οὕτω
1466 1247 1541 1290 καὶ

240 1311 355 1354 πολύ
382 1312 431 1355 τό
461 1315 688 1368 φλογῶδες
717 1313 852 1356 ἔνεστι
878 1318 940 1371 τῷ
978 1317 1131 1371 θηρίῳ.
1183 1312 1248 1356 Ἡ
1295 1313 1342 1358 δὲ
1382 1330 1542 1369 αρκτος

235 1380 366 1422 τίκτει
394 1397 473 1436 μεν
502 1378 667 1434 σάρκα,
707 1379 880 1424 πλάττει
909 1381 955 1425 δὲ
982 1382 1057 1425 καὶ
1085 1379 1249 1436 ἀρθροῖ
1275 1379 1324 1424 τὸ
1350 1380 1540 1438 γέννημα

173 1450 293 1503 81τῷ
323 1446 513 1502 στόματι,
544 1447 618 1490 καὶ
647 1446 756 1503 πρὸς
785 1447 897 1500 εἶδος
927 1447 1038 1502 ζώου
1057 1465 1109 1492 τα
1136 1443 1240 1512 μέλη
1268 1453 1411 1491 τυποῖ.
1438 1449 1540 1492 *καὶ

230 1531 396 1568 αρκτου
421 1514 502 1570 μὲν
536 1514 639 1570 ὅρος
666 1515 716 1559 τὸ
746 1515 944 1571 ἀρκτωον
973 1515 1213 1573 ἐπωνυμον.
1253 1512 1595 1568 ἀρκτεύεσθαιὲο

230 1581 277 1625 δὲ
306 1580 383 1633 τὰς
412 1582 666 1639 παρθένους
694 1583 840 1640 ἔλεγον
868 1584 893 1628 ὁ
923 1586 1069 1640 δῆμος,
1089 1581 1114 1626 6
1139 1580 1335 1634 Ἀττικός.
1393 1580 1538 1641 Ἑλίκη
1603 1605 1607 1609 ·

229 1649 299 1698 δὲ,
330 1650 404 1694 καὶ
432 1650 720 1708 Κυνόσουρα,
764 1652 810 1695 ἐν
838 1649 1014 1708 οὐρανῷ
1043 1649 1124 1704 δύο
1154 1649 1329 1705 ἄρκτοι,
1366 1650 1473 1703 Διὸς
1506 1652 1538 1710 ἦ

226 1715 349 1771 ἑτέρα
377 1717 556 1774 τροφὸς,
584 1720 627 1762 οἱ
656 1718 701 1762 δὲ
738 1717 870 1775 ἄμφω
898 1718 1111 1773 λέγουσιν.
1155 1719 1200 1760 οἱ
1243 1718 1290 1762 δὲ
1325 1717 1406 1775 τὴν
1442 1719 1536 1776 μὲν,

227 1781 285 1834 ὥς
312 1779 369 1840 ἦν
394 1785 584 1841 τροφός,
610 1784 691 1842 τὴν
721 1786 780 1837 δὲ,
811 1785 868 1836 ὥς
894 1784 1087 1828 παιδικά.
1135 1785 1210 1828 καὶ
1242 1784 1402 1840 ἄρκτος
1439 1787 1532 1843 μὲν,

224 1849 274 1894 τὸ
312 1852 571 1908 καταντικρύ
613 1854 881 1912 μεσημβρίας
917 1855 1000 1895 τοῦ
1037 1846 1224 1908 κόσμού
1244 1851 1388 1908 μέρος.
1435 1853 1459 1899 6
1487 1855 1588 1901 6625

227 1917 406 1974 ἄνεμος,
438 1919 461 1963 6
491 1920 636 1963 πνέων
665 1920 840 1970 ἐκεῖθεν,
870 1917 1119 1974 ἀπαρκτίας.
1157 1919 1232 1963 καὶ
1264 1919 1423 1973 κύκλος
1459 1920 1534 1978 ἀρ-

183 2033 186 2036 ⁴
224 1986 379 2037 κτικός
413 1987 633 2031 ἁλίσκεται
661 1988 726 2032 δὲ
735 1986 785 2031 τὸ
813 1988 988 2068 θηρίον
1017 1987 1092 2030 καὶ
1122 1986 1331 2039 δικτύοις,
1356 1990 1430 2033 καὶ
1457 1988 1534 2046 μά-

221 2069 289 2108 χῃ,
323 2053 396 2096 καὶ
425 2055 613 2111 βόθροις
639 2055 771 2120 τισὶν,
797 2053 875 2104 οὓς
903 2052 989 2098 ὑπὸ
1018 2053 1072 2097 τὰ
1098 2054 1257 2110 δένδρα
1284 2071 1337 2098 τα
1371 2071 1534 2111 καρπο·
1646 2110 1650 2117 .

159 2120 346 2176 82φόρα
383 2127 472 2165 τῶν
513 2138 758 2179 κυνηγετων
792 2137 905 2171 τινες
944 2116 1218 2178 ὀρυξάμενοι,
1260 2122 1368 2167 *nal
1402 2123 1532 2168 καλά·
1601 2119 1604 2121 “

219 2203 330 2242 μου,
375 2188 404 2245 ἢ
443 2188 581 2234 ἄλλου
608 2189 725 2241 τινὸς
755 2187 1031 2244 εὐθραύστου
1070 2189 1205 2242 ξύλου
1233 2191 1410 2242 δοκίδας
1435 2195 1585 2244 τοῖς30

218 2254 404 2311 βόθροις
433 2257 739 2308 ἐπιτείναντες,
767 2256 840 2300 καὶ
868 2261 945 2313 τῆς
974 2254 1183 2314 ἀκινήτου
1215 2261 1294 2314 γῆς
1323 2257 1531 2315 ἐπιφορή-

218 2334 391 2374 σαντες,
428 2325 502 2368 καὶ
531 2323 646 2368 πόαν
675 2323 964 2404 ἐπιβαλόντες,
1000 2323 1028 2381 ἡ
1058 2325 1149 2380 μὲν,
1180 2341 1239 2376 ως
1267 2325 1335 2368 ἐπὶ
1361 2323 1411 2369 τὸ
1441 2324 1533 2375 δέν-

221 2390 332 2443 δρον
362 2389 742 2448 ἀναῤῥιχησομένη
770 2386 881 2435 κατά
910 2390 989 2435 τὸν
1014 2391 1186 2447 καρπὸν
1212 2391 1530 2455 ἐπείγεται·τό

220 2457 268 2500 δε
309 2456 480 2515 ὄρυγμα
523 2457 682 2514 αὐτὴν,
724 2462 1031 2511 θραυσθεισῶν
1067 2476 1157 2502 των
1185 2452 1393 2511 δοκίδων,
1429 2458 1530 2504 ’ὑπε-

215 2522 375 2575 δέξατο.
406 2524 486 2580 τὴν
515 2525 560 2568 δὲ
601 2524 817 2580 πάρδαλιν
858 2526 1036 2580 τρόποις
1071 2543 1114 2569 τε
1152 2532 1244 2579 τοῖς
1279 2516 1584 2585 προειρημέ-35

217 2607 318 2643 νοις
345 2591 641 2649 λαμβάνουσι,
672 2594 745 2638 καὶ
774 2593 1009 2651 φάρμακον
1039 2593 1244 2640 ἀκόνιτον
1269 2587 1530 2650 παραμίξαν-
