1664 2950
300 157 353 197 18
564 148 674 188 IOH.
705 147 970 188 HENRICI
998 146 1335 186 LEDERLINI

300 272 386 314 tur,
420 258 592 308 affectu,
624 264 793 301 mecum
823 257 1235 309 communicaverat,
1265 261 1315 299 ut
1335 264 1486 300 utrum
1507 256 1604 299 ubi-

302 334 389 376 que
423 317 540 359 bona
565 315 653 357 fide
680 322 916 371 excerpta,
953 329 1064 370 quae
1100 314 1331 356 Kuehnius
1361 321 1606 371 acceperat,

304 373 525 431 descripta
547 379 713 424 essent,
740 370 958 422 conferri,
987 377 1031 412 et
1056 370 1196 413 sicubi
1216 369 1330 413 forte
1349 378 1462 414 esset
1481 384 1610 413 erra-e

301 440 424 481 tum,
455 427 617 484 corrigi
641 442 667 469 a
693 442 768 469 me
795 433 985 483 possent.
1043 425 1175 483 Quod
1207 433 1252 468 et
1279 426 1440 483 ipsum.
1454 425 1503 468 in
1522 440 1608 468 ex·-

303 485 464 543 cerptis
486 485 523 528 V
526 485 702 527 ossianis
724 498 752 525 a
771 497 848 524 me
862 481 1118 539 praestitum
1145 482 1246 525 fuit.
1301 482 1380 525 His
1398 497 1509 525 vero
1524 482 1606 525 -ad-

303 545 420 586 i-utus
463 540 645 584 celebris
682 538 910 582 Kuehnius
933 546 1086 581 noster
1115 537 1318 580 subsidiis
1352 537 1529 582 infinita.
1557 538 1607 581 in

301 600 479 642 Polluce
496 603 649 640 nostro
667 603 862 638 monstra
886 594 1070 638 feliciter
1087 594 1351 652 profligavit,
1378 594 1606 650 antiqua&

302 671 388 711 que
422 661 555 710 atque
581 653 781 710 puriores
807 651 1018 694 lectiones
1044 651 1187 694 eidem
1217 650 1433 702 restituit,
1461 650 1608 693 ratio-

303 725 466 768 nesque
483 708 739 752 mutationis
759 707 944 750 subinde
963 707 1059 750 fere
1077 706 1446 751 commonstravit.
1470 706 1606 765 Quod

303 777 450 810 tamen
478 766 623 823 ipsum
650 779 743 807 non
770 763 970 806 sufficere
997 763 1315 814 existimabam,
1341 762 1427 806 nisi
1443 770 1490 805 et
1503 762 1606 820 ,ipse

302 839 381 880 ego
412 821 554 865 ferme
577 835 750 872 semper
780 820 887 874 quid
919 819 967 862 in
996 827 1127 862 textu
1146 819 1332 862 Pollucis
1349 833 1377 861 a
1395 818 1605 864 Kuehnio

302 886 551 922 correctum
570 885 702 931 atque
720 876 936 926 additum,
953 883 1029 918 aut
1045 876 1179 918 etiam
1196 882 1419 919 resectum.
1433 875 1604 922 fuisset.

302 949 552 987 monerem,
579 933 645 976 uti
672 932 766 990 ipsa
794 933 940 988 operis
968 930 1209 989 inspectio,
1236 932 1311 974 vel
1322 946 1397 974 me
1417 939 1605 982 tacente,

301 992 539 1034 testabitur.
593 989 679 1032 Sed
710 1003 768 1031 ne
798 989 986 1030 nimium
1006 987 1148 1031 amori
1168 990 1251 1032 τοῦ
1269 988 1512 1044 μακαρίτου
1531 987 1606 1032 in-.

298 1049 477 1104 dulgere
512 1045 629 1088 forte
654 1045 820 1094 videar,
850 1057 982 1100 pergo
1002 1044 1055 1086 ad
1085 1045 1291 1096 alterum,
1318 1059 1451 1100 quem
1478 1058 1605 1089 nuno

300 1105 454 1145 «lamus
473 1103 521 1146 in
538 1102 685 1144 lucem
704 1101 925 1157 publicam
946 1100 1338 1153 commentarium,
1374 1099 1603 1150 clarissimi

299 1162 464 1202 scilicet
507 1157 593 1200 viri
633 1167 766 1212 atque
816 1155 1057 1199 doctissimi
1106 1155 1374 1199 Gothofredi
1409 1157 1601 1212 Iunger-

300 1216 468 1267 manni,
489 1214 615 1257 cuius
634 1213 798 1255 famam
818 1227 950 1255 curae
966 1212 1012 1254 in
1030 1212 1194 1255 Iulium
1206 1212 1602 1268 Caesarem‚Longi

295 1272 539 1315 Pastoralia
569 1278 651 1312 etc.
694 1268 952 1311 iamdudum
989 1268 1284 1311 illustrarunt.
1337 1269 1523 1311 Duobus
1554 1270 1602 1312 in

298 1327 567 1369 restituendo
598 1326 774 1368 Polluce
802 1325 874 1367 hic
918 1325 990 1367 vir
1027 1324 1344 1368 eruditissimus
1380 1324 1602 1368 codicibus

297 1399 402 1425 usus
424 1391 539 1425 erat:
588 1381 791 1424 Palatino
818 1395 909 1422 uno
935 1396 1072 1423 manu
1095 1389 1292 1430 exarato,
1321 1381 1463 1424 altero
1481 1382 1603 1424 Lab-

295 1440 388 1481 baei
420 1439 592 1488 codice,
620 1452 751 1492 quem
783 1445 936 1479 tamen
963 1451 1054 1479 non
1079 1437 1163 1478 nisi
1193 1437 1247 1478 ad
1274 1436 1376 1480 libri
1403 1438 1435 1481 1.
1463 1451 1599 1492 segm-

292 1502 362 1539 81.
397 1495 530 1538 tinem
563 1494 775 1535 collatum
807 1509 853 1535 se
886 1492 1103 1534 invenisse
1127 1493 1225 1551 ipse
1243 1494 1599 1550 Iungermnmms

291 1553 347 1594 ad
374 1552 525 1594 locum
554 1550 736 1592 citatum
764 1555 960 1592 testatur.
1019 1547 1171 1606 Quam
1189 1563 1295 1590 vero
1313 1549 1502 1592 eximius
1521 1565 1601 1594 tio-1

291 1607 380 1648 dex
396 1607 468 1648 ille
488 1604 710 1649 Palatinus
727 1604 880 1654 fuerit,
908 1618 964 1646 ex
980 1602 1060 1657 iis,
1087 1619 1197 1660 quas
1224 1604 1493 1649 clarissimus
1525 1606 1600 1649 vir

292 1662 514 1704 variantes
533 1660 746 1702 indicavit
766 1660 972 1702 lectiones
992 1667 1127 1715 atque
1143 1659 1395 1704 hiuleorum
1412 1675 1498 1718 sup
1529 1663 1599 1705 le-

291 1725 466 1768 menta,
496 1716 656 1772 cuique
682 1715 799 1757 inter
825 1714 1062 1770 legendum
1084 1715 1231 1771 palam
1246 1716 1345 1760 erit.
1402 1716 1475 1759 Un
1509 1732 1535 1760 e
1556 1724 1599 1760 et

295 1773 546 1830 aliquando,
574 1786 663 1828 quo
683 1771 826 1813 minus
845 1777 1017 1834 apertas
1035 1769 1254 1814 eiusmodi·
1270 1772 1599 1817 emendationes

289 1830 339 1872 in
381 1828 570 1871 textum'
598 1835 799 1869 nostrum
830 1835 964 1869 enam
1005 1834 1184 1883 praeter
1216 1826 1415 1871 Kuehnii
1453 1829 1598 1874 nostri

292 1893 514 1934 mentem,
543 1884 614 1926 vel
645 1883 720 1924 ubi
749 1883 824 1924 ille
853 1882 964 1924 nihil
998 1889 1231 1932 mutasset,
1280 1884 1598 1942 reciperemus,

293 1941 516 1983 abstinere
535 1955 622 1982 non
647 1939 889 1995 potuimus:
919 1952 1171 1995 quanquam
1191 1939 1367 1997 parcius
1394 1940 1443 1983 id
1463 1957 1488 1984 a
1508 1957 1599 1984 no·-

291 1997 360 2039 bis
380 1997 547 2040 factum
571 2010 676 2045 esse,
707 2002 752 2036 et
768 1994 852 2037 nisi
870 2009 939 2036 res
957 1994 1085 2037 aliter
1102 1994 1200 2053 ipsa
1229 1996 1471 2052 clamasset,-
1497 1997 1599 2042 fere

287 2067 536 2108 nunquam,
565 2065 711 2106 neque
741 2049 869 2095 etiam
887 2050 1071 2107 insuper
1087 2051 1181 2094 sine
1195 2052 1326 2096 solita
1343 2053 1596 2098 mutationis

287 2109 512 2151 mentione
551 2114 742 2149 attentus
771 2107 908 2149 lector
939 2106 1033 2163 ipse
1060 2107 1304 2164 perspiciet.
1359 2109 1596 2154 Praeterea

287 2179 413 2216 vern,
436 2173 483 2206 ut
502 2170 546 2205 et
563 2164 618 2205 de
637 2162 767 2204 huius
786 2162 872 2204 viri
889 2164 1218 2206 commentandi
1235 2164 1408 2208 ratione
1424 2166 1594 2224 aliquid

288 2220 498 2274 dicamus,
529 2218 697 2261 eximia
728 2219 803 2260 illa
825 2225 890 2260 est
918 2226 961 2260 et
982 2233 1212 2277 nunquam
1231 2222 1335 2264 satis
1354 2222 1594 2281 depraedi-

285 2278 438 2318 canda.
506 2276 818 2329 Praeterquam
857 2274 977 2317 enim
1017 2276 1137 2331 quod
1175 2276 1318 2320 facilis
1352 2293 1403 2322 ea
1437 2279 1518 2329 sit,
1546 2288 1593 2323 et

285 2331 549 2374 Kuehniana
577 2331 789 2386 amplior,
828 2345 1047 2373 summam
1086 2333 1278 2376 auctoris
1305 2335 1454 2392 prodit
1484 2335 1590 2379 dili.-

285 2388 493 2443 gentiam‚
523 2402 608 2443 qua
628 2386 872 2428 incredibili
890 2387 1020 2442 plane
1033 2387 1185 2431 labore
1211 2397 1345 2446 atque
1369 2391 1590 2435 industria

282 2444 379 2486 Loca
400 2443 662 2498 scriptorum
685 2443 852 2499 integra
871 2456 928 2484 ex
947 2443 1128 2485 Platone
1144 2453 1262 2503 puta,
1286 2446 1582 2504 Aristophane

286 2508 419 2554 atque
438 2499 533 2542 aliis
554 2499 779 2548 indicavit,
803 2513 828 2539 e
847 2499 1003 2554 quibus
1023 2501 1092 2542 vel
1117 2502 1294 2544 unicam
1315 2505 1586 2547 vooemfflol-

281 2556 362 2598 lux
403 2564 549 2597 noster
586 2556 868 2605 laudaverat,
915 2563 991 2597 aut
1042 2557 1393 2613 reprehenderat.
1477 2558 1583 2616 Quo

282 2610 443 2654 sactum
473 2612 641 2668 saepius
670 2612 777 2665 suit,
810 2618 860 2652 ut
889 2613 1057 2655 etiamsi
1080 2613 1194 2656 nihil
1220 2629 1248 2657 a
1265 2613 1586 2672 scriptis'libria
