1664 2950
294 130 351 172 94
657 123 917 176 sm-oms
957 124 1232 178 curium

607 593 840 640 Editionis
867 593 1137 640 Basilica-vis
1165 598 1288 642 1536.

297 719 740 779 SIMON
853 718 1594 775 GRYNAEUS

473 861 1027 908 LUDIMAGISTRIS
1074 860 1424 909 SALUTEM.

301 988 439 1062 Cum
468 1019 554 1062 sint
586 1018 634 1061 in
668 1017 757 1061 hoc
791 1026 884 1062 toto
920 1018 1114 1077 pueriles
1149 1017 1318 1061 animos
1351 1016 1590 1075 disciplinis

296 1077 421 1119 velut
448 1089 574 1131 agros
606 1075 860 1130 linguarum
889 1076 1062 1118 sarculo
1086 1074 1373 1132 praeparandi
1398 1074 1592 1131 negocio,

296 1131 416 1188 scopi
445 1131 547 1180 duo,
577 1138 627 1173 ut
655 1145 788 1186 quam
818 1131 1024 1174 facillime
1053 1131 1161 1188 capi,
1192 1139 1234 1172 et
1255 1145 1387 1186 quam
1409 1129 1594 1188 expedi-

296 1189 461 1231 tissime
478 1187 679 1245 depromi
697 1202 767 1229 res
786 1187 966 1244 possint,
997 1202 1085 1229 una
1102 1188 1341 1241 eademque
1361 1186 1414 1228 ad
1437 1194 1593 1227 utrun-

295 1259 383 1301 que
411 1244 481 1286 via
510 1243 795 1296 brevissima,
834 1259 935 1286 meo
972 1243 1152 1298 quidem
1189 1243 1340 1285 videre
1368 1242 1515 1294 ducit,
1552 1241 1591 1284 si

296 1308 415 1343 certo
443 1314 611 1355 suoque
638 1299 841 1352 nomine,
870 1299 1082 1355 signatam
1111 1306 1229 1341 certo
1257 1313 1353 1340 rem
1373 1311 1592 1354 ‘quanque

294 1364 398 1398 ante
434 1357 581 1398 omnia
648 1371 754 1397 uero
795 1356 1032 1398 tradamus.
1102 1354 1415 1397 Onomasticon
1451 1353 1593 1396 tradi-

294 1412 425 1454 tionis
452 1427 589 1469 genus
647 1426 699 1453 oc
719 1411 891 1464 Graeci,
919 1412 1301 1454 nomenclaturam
1329 1425 1481 1453 rerum
1509 1423 1593 1466 per

293 1483 458 1525 genera
486 1467 757 1517 distinctam,
786 1475 968 1510 vocant:
996 1465 1254 1509 incredibile
1282 1465 1374 1509 vim
1403 1474 1448 1508 et
1473 1465 1591 1507 cele-

292 1526 468 1568 ritatem
507 1531 712 1580 quantam
750 1524 807 1566 ad
845 1538 1019 1566 summa
1045 1523 1292 1565 studiorum
1319 1522 1591 1565 incrementa

293 1579 578 1633 afferentem,
622 1579 661 1621 si
697 1578 782 1622 rite
811 1580 866 1622 ab
891 1579 1167 1622 incunabulis
1199 1585 1420 1621 tractetur.
1474 1577 1589 1621 Nam

292 1651 431 1694 quum
460 1635 554 1692 ipsa
582 1635 793 1678 vocabula
820 1635 1070 1678 hominibus
1098 1650 1230 1678 omne
1258 1634 1313 1676 de
1339 1634 1472 1677 rebus
1499 1632 1591 1676 ani·

292 1692 356 1735 mi
383 1692 595 1734 iudicium
622 1690 897 1747 significandi
925 1706 1004 1733 ceu
1033 1699 1159 1749 pacta
1186 1690 1304 1733 inter
1331 1691 1446 1748 ipsos
1471 1703 1590 1746 sym-

290 1748 392 1791 bola
421 1747 534 1800 sint,
572 1745 857 1803 peregrinum
894 1762 987 1788 esse
1022 1761 1217 1799 semper,
1257 1746 1451 1802 quisquis
1480 1745 1588 1787 haec

289 1819 381 1847 non
409 1809 547 1853 tenet,
578 1810 730 1844 contra
759 1802 833 1858 qui
863 1810 1005 1856 tenet,
1034 1803 1082 1844 in
1110 1802 1231 1844 omni
1261 1803 1458 1844 oratione
1486 1808 1589 1842 tan-

290 1875 426 1916 quam
456 1858 574 1901 domi
604 1857 770 1900 versari
799 1866 966 1900 certum
1000 1867 1072 1902 est.
1127 1858 1187 1900 Ut
1223 1857 1343 1899 enim
1379 1857 1453 1914 qui
1491 1856 1588 1898 sin-

287 1916 495 1971 gulorum
535 1915 850 1957 elementorum
892 1914 1079 1970 figuram
1120 1922 1162 1955 et
1199 1920 1456 1971 potestatem
1486 1927 1588 1954 cer-

287 1979 378 2013 tam
405 1985 518 2026 puer
536 1985 625 2012 non
647 1970 783 2021 novit,
813 1971 1021 2027 expedire
1049 1969 1283 2012 lectionem
1311 1984 1402 2011 non
1427 1975 1584 2025 potest,

286 2028 363 2069 sed
391 2027 567 2079 haeret,
599 2041 648 2068 ac
675 2024 729 2066 ab
759 2041 809 2067 eo
839 2027 955 2069 unde
984 2026 1123 2068 laudis
1153 2026 1286 2075 nihil,
1318 2023 1584 2080 ignominiae

285 2082 533 2142 plurimum
560 2089 643 2134 est,
671 2079 857 2137 refugit:
894 2082 957 2124 ita
985 2082 1061 2138 qui
1090 2097 1252 2124 nomen
1279 2081 1489 2132 cuiusque
1517 2081 1584 2122 rei

286 2154 419 2182 suum
449 2154 539 2180 non
566 2144 709 2189 tenet,
739 2152 830 2178 non
857 2139 1000 2180 solum
1030 2137 1254 2194 explicare
1280 2152 1372 2179 sese
1402 2135 1582 2180 dicendo

286 2194 563 2238 audiendove
580 2209 670 2235 non
691 2200 853 2250 potest,
884 2194 958 2235 sed
977 2194 1077 2250 quia
1094 2195 1262 2236 incerta
1281 2208 1382 2235 cum
1404 2191 1581 2235 fastidio

287 2252 525 2301 discuntur,
537 2265 587 2292 ac
604 2264 747 2307 neque
763 2249 1013 2292 retinentur
1030 2250 1176 2300 etiam,
1191 2263 1347 2292 eorum
1366 2263 1476 2304 quae
1488 2261 1580 2289 non

284 2306 398 2348 bene
416 2307 566 2348 didicit
584 2304 891 2348 incertitudine
904 2306 1026 2349 velut
1043 2306 1304 2349 conscientia
1316 2305 1427 2347 mala
1440 2303 1577 2346 offen·

285 2378 357 2405 sus
376 2362 563 2413 animus,
576 2361 717 2403 odisse
739 2376 841 2404 cum
861 2362 1019 2417 linguis
1041 2363 1170 2405 etiam
1192 2376 1262 2404 res
1283 2360 1398 2418 ipsas
1411 2359 1578 2417 incipit.

284 2433 420 2474 quum
450 2418 520 2460 isti
545 2417 749 2467 interim,
797 2418 873 2475 qui
903 2418 1108 2461 callentes
1137 2417 1248 2460 bene
1273 2415 1466 2472 certique
1492 2430 1578 2457 no-

282 2476 580 2517 menclaturae
597 2489 749 2516 rerum
769 2481 895 2524 sunt,
923 2481 967 2516 et
990 2481 1083 2516 tuto
1103 2488 1185 2531 per
1205 2472 1351 2515 omnia
1367 2471 1579 2528 gradian-

281 2537 370 2583 tur,
400 2538 445 2572 et
461 2530 614 2572 audire
632 2530 862 2586 dicereque
883 2529 937 2571 de
953 2545 1002 2572 re
1021 2545 1110 2572 non
1128 2530 1278 2584 ignota
1294 2541 1470 2584 semper
1491 2526 1577 2568 ali-

282 2586 387 2644 quid
395 2585 594 2646 gestiant.
610 2588 761 2644 Itaque
778 2600 869 2630 non
885 2585 1140 2643 gravabitur
1147 2587 1419 2644 Praeceptor,
1431 2597 1577 2644 prae&
