1664 2950
266 130 352 173 266
837 129 892 173 V.
945 135 1013 176 93.

266 236 595 292 συνδυάζεσθαι,
623 240 869 296 ἐπάγεσθαι.
891 240 1007 286 ὄνων
1025 241 1072 287 δὲ
1098 243 1228 296 ἴδιον,
1253 242 1304 288 τὸ
1324 241 1566 300 ὄνόβατεῖν.

265 303 430 351 ὁπόταν
458 308 606 358 ἵπποις
631 307 895 365 ἐπιβαίνωσι.
942 309 1095 354 κοινὸν
1123 311 1169 355 δὲ
1209 311 1279 356 ἐπὶ
1305 310 1480 356 πάντων
1514 307 1568 353 τὸ

263 376 589 430 παιδοσπορεῖν.
623 374 769 431 ὥσπερ
798 377 873 421 καὶ
901 375 971 420 ἐπ’
1005 376 1266 434 ἀνθρώπων.
1295 379 1365 423 ἐπὶ
1393 377 1440 422 δὲ
1467 375 1567 422 τούδ

263 457 352 484 των
386 442 516 497 ἐρεῖς,
548 441 761 500 ὁμιλῆσαι,
789 447 1017 501 μιχθῆναι,
1046 447 1336 502 διαλεχθῆναι,
1365 446 1568 502 ἐντυχεῖν,

262 509 520 565 πλησιάσαι,
561 515 844 568 κοινωνῆσαι.
892 512 1332 566 συναναπαύσασθαι,
1371 514 1430 564 εἰς
1464 510 1596 557 vad-5

262 574 342 620 τὸν
365 576 520 628 ἐλθεῖν,
540 582 949 635 συγκατακλιθῆναι,
971 584 1438 637 συγκατακοιμηθῆναι,
1467 590 1566 634 συγ-

262 649 539 701 κοιμηθῆναι,
568 646 866 702 συγγενέσθαι,
897 649 1088 700 σποδεῖν,
1117 644 1282 699 όπύειν,
1310 645 1567 703 άφροδισιά·

198 713 254 753 93
265 715 360 765 ζειν,
391 712 720 770 συμπλέκεσθαι.
751 715 850 758 *καὶ
877 713 932 758 τὰ
958 715 1305 771 τεθρυλλημένα,
1335 713 1367 758 ἃ
1391 713 1444 771 δὴ
1470 715 1566 758 παί-

210 816 214 822 .
261 783 411 833 ζουσιν
440 781 485 824 οἱ
511 781 717 837 κωμικοὶ,
755 785 922 838 ληκεῖν,
961 781 1240 838 δρυμάττειν,
1270 785 1411 838 φλᾶν,
1438 793 1566 838 σκορ-

260 849 396 899 δοῦν,
434 847 657 900 στενάσαι,
694 854 924 894 σπλεκοῦν.
975 848 1062 894 άπὸ
1100 849 1181 906 μὲν
1212 847 1382 894 τούτων
1415 850 1566 893 τοίνυν
1577 859 1621 895 10

259 914 517 969 σπουδάζων
553 915 610 960 ἄν
646 917 762 961 εἴποι
803 934 869 970 τις
899 917 1153 975 πράγματα,
1191 917 1326 972 μίξις,
1362 915 1563 969 ἔντευξις,

258 982 429 1038 ὁμιλία,
471 986 700 1034 κοινωνία,
738 984 1010 1042 κοινώνημα,
1048 985 1269 1029 συνουσία.
1331 981 1386 1028 οὖ
1423 981 1511 1041 μὴν
1538 982 1564 1027 ὁ

256 1050 543 1107 πλησιασμός,
583 1051 740 1109 οὕδ’ἡ
780 1050 986 1105 διάλεξις,
1025 1049 1135 1095 ἀλλὰ
1173 1051 1412 1108 διειλέχθην
1439 1049 1565 1107 αὐτῇ,

255 1120 326 1163 καὶ
372 1118 659 1175 διειλεγμένος
701 1119 807 1176 εἰμὶ,
849 1119 909 1170 ὥς
932 1119 1187 1176 ’Τπερίδης,
1224 1119 1298 1163 καὶ
1329 1117 1565 1163 {damnive-

256 1203 350 1240 ρον,
381 1186 430 1230 τὸ
462 1186 767 1243 διεπραξάμην,
799 1187 870 1230 καὶ
900 1186 1130 1242 διέπραξα,
1167 1187 1241 1231 καὶ
1269 1187 1446 1242 ἔπραξα.
1473 1184 1559 1231 ἆπό
1574 1197 1617 1234 15

237 1253 302 1297 ’δὲ
332 1251 486 1310 αὐτῆς,
516 1251 565 1297 τὸ
594 1255 868 1310 χαρίσασθαι,
898 1255 972 1298 καὶ
998 1253 1128 1311 χάριν
1157 1254 1325 1299 δοῦναι.

189 1374 247 1415 94
526 1377 670 1433 *Περὶ
697 1377 870 1434 δρόμου
898 1375 1017 1431 ζώων
1044 1377 1114 1421 καὶ
1145 1376 1293 1434 μάχης.

364 1456 521 1507 Ε’ίποις
549 1454 594 1499 δ’
625 1455 693 1504 ἂν,
725 1456 891 1512 ἔλαφον
918 1462 1029 1508 θεῖν,
1058 1454 1231 1511 λαγωόν
1259 1454 1449 1512 φεύγειν,
1478 1457 1563 1499 σῦν

250 1521 325 1566 καὶ
351 1522 527 1576 κάπρον
563 1521 920 1579 συῤῥήγνυσθαι,
957 1525 1110 1569 λέοντα
1139 1523 1363 1579 ἐφορμᾶν,
1397 1521 1561 1577 πάρδα-

251 1594 322 1634 λιν
350 1593 516 1646 πηδᾶν,
548 1589 710 1646 ἄρκτον
739 1591 1079 1648 συμπλέκεσθαι,
1121 1594 1290 1644 ταῦρον
1324 1590 1614 1647 {putatam-20
1660 1594 1664 1595 ⁷

249 1659 324 1702 καὶ
369 1658 422 1702 τὰ
469 1658 547 1714 μὲν
594 1663 742 1715 χηλαῖς
787 1661 953 1713 παίειν,
1007 1658 1061 1703 τά
1098 1657 1143 1702 δὲ
1178 1657 1332 1709 ὁπλαῖς
1363 1657 1558 1714 κρούειν,

249 1724 303 1768 τὰ
334 1725 380 1769 δὲ
409 1725 559 1780 κέρασι
598 1729 837 1781 κυρίττειν,
875 1726 928 1770 τοὶ
957 1727 1003 1770 δὲ
1031 1725 1134 1770 ποσὶ
1162 1727 1392 1779 λακτίζειν,
1427 1724 1482 1769 τοὶ
1510 1725 1557 1770 δὲ

251 1792 372 1845 ὄνυξι
402 1792 672 1850 σπαράττειν,
699 1793 752 1838 τὰ
782 1795 828 1838 δὲ
857 1793 1012 1838 ὀδοῦσι
1038 1794 1294 1839 κατεσθίειν.

188 1924 244 1967 95
541 1917 1158 1961 *ΚΕΦΛΛΑΙΟΝ
1214 1918 1275 1966 Ις.

548 2041 817 2084 Γυναικείων
843 2039 1020 2095 κόσμων
1047 2037 1252 2096 ὀνόματα.

366 2120 503 2175 Φαίης
531 2118 576 2163 δ’
608 2118 663 2163 ἄν
692 2117 870 2174 α’θρόως
897 2118 976 2174 μὲν
1006 2118 1144 2171 οὕτω,
1175 2119 1356 2174 κόσμοι,
1396 2116 1556 2175 κοσμῆ-
1600 2125 1603 2128 ’

247 2205 373 2245 ματα,
403 2187 722 2242 καλλωπισμοὶ.
754 2187 1099 2242 καλλωπίσματα.
1144 2185 1199 2230 οὐ
1234 2185 1318 2242 γάρ
1344 2184 1554 2240 παροπτέ-

248 2273 301 2300 ον
353 2255 454 2300 οὐδὲ
492 2253 546 2299 τὰ
585 2259 675 2297 τῶν
708 2255 968 2310 γυναικείων
1008 2253 1184 2310 κόσμων
1224 2252 1427 2309 ὀνόματα.
1464 2251 1552 2296 α’πό

246 2328 360 2380 γοῦν
387 2328 475 2367 τῶν
499 2322 757 2380 εἰρημένων,
781 2326 1052 2376 κοσμεῖσθαι,
1085 2320 1317 2384 κόσμησις,
1343 2321 1553 2365 καλλωπί-

255 2396 428 2444 ζεσθαι,
465 2389 776 2447 καλλωπισμός.
835 2387 1126 2445 ἆβρύνεσθαι,
1170 2388 1464 2444 θρύπτεσθαι,
1507 2387 1552 2432 ἆ·
1536 2387 1643 2451 -30J

247 2457 427 2515 βρότης,
468 2459 644 2513 θρύψμς
685 2456 799 2513 κατὰ
834 2456 943 2514 μέρη
973 2457 1041 2509 δὲ,
1070 2460 1262 2538 κεφαλῆς
1289 2471 1368 2513 μεν
1395 2455 1551 2527 κοσμὴ·

247 2538 382 2584 ματα,
399 2527 594 2584 ’Όμηρος
618 2526 754 2582 λέγει,

314 2605 511 2663 αμπυκα,
541 2603 818 2663 κεκρύφαλόν
844 2619 889 2648 τε
915 2602 990 2661 ηδὲ
1016 2602 1200 2660 πλεκτην
1227 2601 1527 2660 ἀναδέσμην.

1631 1813 1664 2292 ''⁸³¹²2‘2ersskmwnaaessffl-
1660 1772 1664 1776 .
1661 1726 1664 1738 .,
