1664 2950
217 406 271 446 20

283 170 338 211 82

282 276 402 322 Edit.
440 278 574 315 nosu.
633 267 741 313 seb.

541 157 663 202 1011.
701 155 966 197 HENRICI
994 157 1330 200 LEDERLINI

282 334 401 378 Libr.
440 343 575 384 segm.
606 339 704 382 pag
733 323 815 368 lin:

496 391 517 430 1
603 384 685 427 455
768 384 811 424 6.
836 376 960 424 ’Iova-
989 383 1140 426 Πολυδ.

337 390 381 434 Χ

749 606 813 647 14
837 599 920 647 δὲ’
899 602 1011 658 ονόμ.

746 662 814 704 15.
835 665 953 703 τοῦτο
969 659 1188 730 Ἐρατοσθ

748 720 818 761 17.
843 714 887 759 τὸ
912 721 986 759 τοῦ
1003 712 1093 787 Ἐρ.

749 777 815 816 19.
839 769 893 822 ὧς
915 774 955 815 δὲ
978 790 1066 829 ευρ.

744 827 848 871 ibid.
873 827 1022 898 ’ἤλπισα

745 889 814 929 20.
835 882 904 928 ὑπ’
923 887 1095 939 ἐμαυτοῦ

746 947 818 985 21.
839 942 881 984 δὲ
903 959 952 984 ου

754 1000 821 1041 25.
853 994 972 1040 οὐδὲν

748 1058 815 1097 27.
840 1055 906 1096 καὶ
933 1050 999 1097 διοῖ
1023 1058 1150 1096 τοῦτο.

744 1114 810 1156 85.
836 1107 933 1153 ἀλλὰ
959 1106 1114 1168 affin-dv
1138 1110 1256 1153 ἰδεῶν
1277 1111 1359 1154 ἔδει

475 1286 528 1327 10
610 1281 694 1325 458
776 1282 816 1322 4
843 1278 934 1335 περὶ
954 1283 1116 1320 σκευοθ.
1141 1284 1222 1320 etc.

467 1678 516 1718 11

470 2126 522 2166 12

750 1396 815 1436 19.
848 1387 1062 1443 σκευοθῆκ.
1085 1386 1195 1434 ὄκοδ.

745 1454 812 1492 21
846 1449 1095 1500 Θουκυδίδης
1119 1448 1161 1489 δὲ
1187 1442 1224 1488 ἆ.
1251 1444 1288 1490 ἄ.
1309 1465 1344 1491 κ.
1366 1466 1409 1504 φ.
1433 1465 1463 1492 τ.
1485 1467 1519 1494 τ.
1538 1467 1574 1505 χ.

931 1521 968 1546 κ
990 1519 1023 1544 τ.
1056 1517 1091 1544 σ.
1126 1501 1165 1544 ἆ.

745 1563 814 1604 23·
846 1557 944 1601 αὔτα

743 1613 852 1656 ibid.
884 1618 1054 1669 εἴρηκεν·
1084 1613 1111 1656 ἃ
1134 1615 1203 1658 καὶ
1230 1618 1295 1659 ul,

742 1675 812 1715 25.
835 1671 968 1725 ἑνικὴν

739 1725 847 1768 ibid.
869 1728 1060 1768 ἐπίπλοον

739 1787 808 1825 27.
831 1779 954 1836 σκευή

743 1843 813 1882 28.
841 1836 1031 1890 νεώτερον
1057 1836 1151 1910 γὰρ
1154 1843 1237 1879 etc.
1264 1839 1340 1881 οἵκ.
1361 1835 1491 1907 σκεύη.

742 1899 809 1938 30.
833 1892 966 1964 σκεύη·
986 1892 1030 1936 τὸ
1053 1895 1123 1948 μὲν
1139 1892 1251 1937 Ἀλωι.
1272 1891 1493 1950 ωνομᾶσας.

733 1955 801 1994 3.4
820 1947 869 1993 οὔ
886 1951 1051 2004 λέληθεν

736 2006 843 2049 ibid.
869 2024 929 2049 οτι
956 2005 1006 2048 τοὶ
1035 2004 1138 2062 πρὸς
1161 2013 1206 2050 θ’.

739 2066 808 2108 35.
831 2081 886 2112 ως
903 2063 969 2106 καὶ
993 2067 1068 2104 Πλ.
1091 2071 1173 2104 etc.

746 2124 814 2166 36.
848 2116 944 2161 ἀλλὰ
981 2117 1055 2173 ἐγώ
1085 2137 1146 2174 κρ.
1183 2125 1266 2161 etc.
1292 2117 1576 2176 τραγικώτερον

877 2174 953 2230 γᾶρ
988 2174 1016 2228 ἡ
1042 2178 1285 2239 παγκληρία·
1323 2191 1435 2232 quae
1473 2183 1577 2219 sunt

876 2245 972 2303 pag.
1002 2234 1098 2276 459.
1131 2231 1205 2273 lin.
1238 2237 1280 2277 8.

472 2293 523 2334 13
607 2288 689 2333 459
750 2292 815 2330 10.
843 2289 908 2330 καὶ
930 2304 1079 2340 απυρα.
1109 2286 1208 2332 cocu.
1229 2288 1298 2331 καὶ
1317 2301 1380 2333 σκ.

472 2626 527 2669 14

738 2348 807 2387 11.
834 2347 901 2385 καὶ
920 2341 1069 2412 σκεύη

737 2397 840 2442 ibid.
871 2394 931 2453 ἐφ’
960 2417 1018 2442 ων
1044 2396 1069 2443 ὅ
1100 2402 1251 2457 Ξενοφ.
1279 2406 1358 2444 etc.
1386 2396 1573 2458 ἄποτριβ.

873 2473 907 2498 τ.
942 2468 1004 2498 σκ.

738 2572 801 2611 18.
829 2570 892 2610 14.
917 2566 959 2608 δὲ
978 2563 1045 2609 ἐπ’
1068 2564 1155 2610 αὕτ.

751 2627 814 2668 16.
842 2624 917 2668 εἴτε
944 2620 1029 2668 ὅπλ.
1064 2630 1143 2666 etc.
