1664 2950
509 133 957 176 BRAEFATIO.
1330 139 1386 182 95

84 260 217 302 ‚entes
246 250 448 310 ipsasque
476 247 513 291 si
530 253 696 306 potest,
722 245 868 291 sinon
885 253 1053 305 potest,
1080 245 1238 305 pictas,
1267 247 1388 292 scul-

93 319 206 370 ptas,
233 315 312 351 aut
325 305 720 364 quomodocunque
739 317 820 346 seu
833 303 981 347 verbis
997 318 1076 346 seu
1091 304 1281 360 gestibus
1304 320 1389 347 ex-

91 379 262 424 pressas
278 363 392 405 bene
415 369 535 404 certa
560 375 663 403 cum
692 360 1017 403 nomenclatura
1036 374 1129 410 res,
1171 361 1387 423 principio

92 419 339 481 puerilibus
357 417 492 461 oculis
508 416 755 470 animisque
771 430 904 472 quam
933 415 1260 471 diligentissime
1278 416 1390 459 sub-

94 477 251 531 iicere,
279 482 324 519 et
339 474 410 517 vel
431 474 479 516 iu
498 472 651 515 ludum
669 471 868 524 frutices,
894 472 1078 524 herbas,
1106 471 1288 524 fructus,
1314 488 1390 515 se·-

94 533 247 586 mina,
283 529 478 582 radices,
514 527 811 571 iustrumenta
835 527 1007 572 afferre.
1063 529 1164 573 Non
1190 529 1296 572 satis
1325 536 1390 572 est

96 588 216 633 enim
236 586 516 635 alterutrum,
541 592 615 628 aut
634 598 705 627 res
721 584 963 634 ostendere,
986 585 1166 628 nomina
1179 585 1388 628 miscere:

92 652 187 698 aut.
208 642 367 688 docere
398 640 601 695 nomina,
638 655 709 683 res
734 639 849 697 ipsas
875 640 1134 697 praeterire=
1163 648 1390 698 utrunque

92 698 266 745 ‘necesse
286 705 377 749 est,
400 697 443 739 'si
468 696 718 740 institutum
742 704 860 738 recte
885 696 1172 753 celeriterque
1197 711 1389 755 puerum

95 757 300 799 velimus.
353 754 467 798 Nam
495 760 545 795 ut
569 751 646 808 qui
674 749 827 794 trifolii
854 751 962 795 mihi
991 751 1084 795 vim
1116 755 1389 811 praeclaram

95 812 279 863 indicat,
309 809 447 853 herba
464 823 571 850 vero
592 806 807 850 trifolium
828 823 940 865 quae
953 808 1023 859 sit,
1051 817 1129 851 aut
1148 823 1236 850 non
1255 824 1390 852 mon-

96 875 219 921 strat,
246 873 323 909 aut
344 865 529 921 siquam
551 870 780 916 monstrat,
807 878 898 906 non
918 863 1061 921 ipsum
1085 873 1299 908 monstrat
1317 865 1392 908 tri-

94 925 269 974 folium,
288 920 384 964 istic
406 919 584 976 quidem
603 919 881 975 quantumvis
900 920 1095 963 docendo
1116 921 1225 963 nihil
1246 922 1390 972 docet,

96 981 172 1024 hic
190 993 297 1021 vero
314 977 362 1020 in
383 990 580 1019 errorem
601 975 780 1018 adducit
797 975 1002 1033 insuperz
1041 977 1102 1020 sic
1128 977 1203 1020 ille
1219 978 1391 1035 linguas

98 1036 275 1080 tradens
290 1033 510 1089 magister,
537 1031 632 1074 sive
648 1045 800 1074 rerum
818 1031 1088 1076 incertarum
1107 1041 1225 1076 certa
1242 1034 1392 1077 nomi-

97 1107 171 1144 na,
200 1091 296 1133 sive
315 1095 532 1132 certarum
551 1102 702 1130 rerum
725 1088 907 1130 uomina
922 1104 1011 1131 non
1029 1097 1147 1132 certa
1167 1090 1387 1149 proponit,

96 1146 305 1202 utrinque
329 1143 592 1188 hallucinari
616 1158 803 1199 puerum
829 1142 954 1196 facit,
995 1154 1038 1188 et
1060 1160 1160 1188 cum
1181 1145 1237 1188 de
1258 1147 1389 1189 rebus

97 1202 317 1247 balbutire
335 1199 584 1244 nominibus
603 1214 692 1242 non
711 1199 820 1252 suis,
849 1207 891 1242 et
918 1201 1041 1258 peius
1062 1216 1166 1244 cum
1188 1210 1389 1246 secutum

93 1258 276 1304 nomina
295 1257 350 1299 de
373 1256 504 1300 rebus
527 1271 615 1298 non
640 1263 758 1298 recte
784 1257 946 1299 sentire
967 1258 1248 1301 consuefacit.
1275 1259 1391 1302 ridi-

98 1315 247 1359 culum
271 1312 378 1356 illud
405 1320 492 1360 est,
531 1311 617 1354 hoc
643 1313 772 1355 etiam
798 1313 1105 1371 periculosum.
1159 1316 1250 1358 Iam
1278 1330 1389 1357 vero

99 1385 188 1428 quo
213 1377 343 1428 pacto
370 1367 639 1411 constituere
658 1383 783 1410 mens
801 1368 1005 1412 orationis
1022 1385 1177 1426 agmen
1193 1372 1390 1414 subitum

96 1434 262 1486 potest.
302 1424 386 1467 nisi
407 1424 726 1467 nomenclatrix
742 1425 955 1467 memoria
983 1426 1028 1467 in
1052 1426 1392 1484 uniuscuiusque

96 1481 164 1525 rei
181 1481 327 1524 vultus
343 1495 424 1523 ceu
442 1481 563 1522 locos
577 1479 765 1531 intuens,
787 1480 1128 1524 ebuccinaudam
1150 1483 1390 1540 praeconio

97 1538 273 1593 linguae
290 1543 511 1578 momento
529 1534 693 1577 tradit?
723 1537 876 1590 ltaque
893 1544 966 1578 aut
984 1539 1218 1580 memorari
1237 1539 1391 1580 melius

99 1591 350 1645 retinerive,
375 1598 453 1634 aut
469 1589 662 1647 imprimi
680 1591 863 1632 celerius
884 1591 1062 1634 nomina
1084 1608 1174 1636 non
1193 1604 1390 1651 possunt,

97 1663 212 1705 quae
239 1662 339 1690 cum
360 1661 509 1689 rerum
531 1661 708 1689 suarum
731 1646 887 1689 toi-mis
905 1650 1207 1704 praesentibus
1229 1651 1392 1693 iuscri-

99 1713 191 1764 pta,
218 1704 266 1746 in
283 1702 560 1754 memoriam,
588 1702 695 1744 dum
716 1701 861 1745 adhuc
882 1705 1119 1747 tenerrima
1138 1713 1228 1758 est,
1255 1722 1392 1764 repo-

99 1767 283 1804 nuntur.
313 1759 427 1802 Cum
448 1765 588 1800 essent
607 1766 751 1799 autem
766 1760 1030 1803 naturalium
1046 1761 1222 1816 quidem
1238 1778 1389 1805 rerum

99 1832 127 1860 a
153 1815 243 1858 suis
270 1829 468 1871 quaeque
497 1813 743 1856 doctoribus
770 1814 944 1871 prodita
964 1817 1172 1871 nomina,
1216 1834 1265 1861 ac
1288 1820 1391 1862 inde

43 1904 47 1911 .
101 1872 231 1915 etiam
244 1870 478 1913 rectissime
488 1876 766 1923 peterentur:
795 1885 946 1914 eorum
968 1888 1074 1914 vero
1094 1875 1268 1929 quaein
1287 1875 1392 1933 ipsis

99 1927 330 1971 hominum
351 1926 542 1982 negociis
562 1932 688 1979 sunt,
725 1933 777 1968 ut
797 1927 944 1970 nullus
970 1928 1127 1972 artifex
1151 1946 1266 1973 unus
1280 1964 1292 1985 ,
1329 1932 1392 1974 ita

16 1980 43 2035 ’,
100 1997 247 2039 neque
278 1983 353 2039 qui
392 1983 499 2025 haec
523 1982 746 2036 colligeret
771 1981 1065 2027 inveniretur:
1111 2001 1271 2029 munus
1308 1988 1392 2030 hoc

100 2040 209 2084 adeo
234 2038 389 2081 dextre
409 2037 518 2080 obiit
544 2037 698 2079 Pollux
724 2037 819 2090 hic,
853 2047 903 2081 ut
925 2041 999 2082 vix
1019 2041 1249 2098 quicquam
1274 2044 1393 2085 desi-

102 2096 256 2138 derare
274 2095 502 2151 quisquam
522 2093 673 2159 possit.
723 2094 854 2151 Quod
877 2095 914 2137 si
934 2095 1092 2139 ‘lomus
1113 2100 1285 2155 amplae
1304 2099 1392 2142 exi·

101 2149 272 2194 atimari
289 2149 564 2205 supellectilis
583 2149 795 2192 varietate
811 2151 1025 2209 copiaque
1043 2163 1223 2215 possunt
1239 2187 1251 2206 ‚
1278 2156 1391 2198 inire

102 2207 241 2250 obiter
259 2205 383 2248 nobis
400 2213 444 2248 et
459 2205 576 2247 vitae
596 2213 639 2247 et
656 2220 834 2248 morum
857 2215 900 2249 et
917 2209 1221 2265 amplitudinis
1243 2211 1391 2254 Grae-

102 2263 194 2306 eiae
211 2261 425 2306 rationem
444 2260 740 2318 pulcherrime
756 2262 870 2306 licet.
893 2278 945 2306 ac
960 2263 1050 2320 ipsa
1069 2264 1251 2309 historia
1270 2267 1390 2310 haud

98 2318 189 2361 scio
229 2316 384 2360 melius
414 2332 472 2359 ne
508 2317 841 2361 coniectandum
880 2319 1091 2375 praebere
1116 2321 1391 2366 Graecorum

98 2375 254 2417 luxum
280 2372 442 2429 possit,
488 2387 620 2428 quam
648 2373 720 2415 hic
754 2381 841 2416 tam
870 2375 1045 2433 copiose
1073 2377 1391 2422 theatricarum

96 2445 248 2474 rerum
270 2429 470 2472 omnium
489 2428 820 2471 enumeratione
840 2429 980 2474 datur.
1038 2433 1132 2475 Hoc
1148 2433 1282 2490 igitur
1299 2442 1391 2477 tam

98 2493 252 2550 aptum
271 2486 357 2528 arti
375 2492 543 2527 vestrae
555 2483 871 2529 ferramentum
883 2486 1235 2546 Ludimagistri,
1248 2492 1283 2533 si
1301 2506 1391 2533 ma-

98 2541 248 2593 nibus,
275 2541 393 2597 quod
418 2539 506 2582 dici
524 2541 892 2605 solen—ambabus
907 2545 1246 2600 amplectimini,
1275 2546 1390 2589 acin

98 2605 247 2641 coetus
264 2611 529 2655 puerorum,
556 2611 842 2654 omnigenum
860 2611 1023 2645 vocum
1044 2600 1295 2647 thesaurum
1318 2600 1390 2643 fe-
