1664 2950
312 163 394 204 100
678 163 822 205 ALDI
857 164 1228 206 PRAEFATIO.

310 269 524 328 σοφιστὴν
558 270 780 331 γράφουσι
817 275 1054 327 παίζοντες·
1104 275 1315 328 (πόλιςδὲ
1339 273 1539 331 φοινίκης
1568 271 1597 329 ἦ

311 324 584 383 ἀρδούεννα)·
624 330 845 374 ἐπαίδευσε
875 331 920 374 δὲ
949 330 995 374 ἐν
1035 330 1215 388 ἆθήναις
1249 331 1318 375 ἐπὶ
1358 331 1598 386 Κομμόδου

308 387 392 425 τοῦ
418 384 644 438 βασιλέως·
682 387 754 429 καὶ
782 385 1019 442 ἐτελεύτησε
1048 387 1171 443 βιοὺς
1200 387 1269 444 ἔτη
1293 404 1321 431 ν
1339 386 1412 430 καὶ
1430 385 1472 442 η’,
1502 396 1599 428 συν-

308 438 438 490 τάξας
470 443 616 495 βιβλία
653 445 806 485 ταῦτα·
857 440 1139 497 ὀνομαστικὸν
1177 443 1223 487 ἐν
1254 444 1438 499 βιβλίοις
1480 440 1596 484 δέκα·

307 493 396 537 ἔστι
430 495 475 539 δὲ
498 500 723 554 συναγωγὴ
741 502 828 541 τῶν
849 496 1073 553 διαφόρων
1096 498 1204 542 κατὰ
1225 503 1305 543 τοῦ
1328 497 1463 542 αὐτοῦ
1482 501 1598 551 λεγο-

306 550 460 606 μένων.
492 552 707 605 διαλέξεις,
737 552 832 609 ἤτοι
853 553 1021 603 λαλιᾶς·
1052 554 1239 610 μελέτας·
1270 556 1332 606 εἰς
1358 552 1598 608 Κόμμοδον
1660 597 1664 601 ,

305 608 507 661 Καίσαρα
526 608 821 679 ἐπιθαλάμιον.
875 608 1118 664 Ῥωμαϊκόν
1140 609 1288 665 λόγον·
1319 607 1596 664 σαλπιγκτὴν,

304 660 335 717 ἢ
360 660 506 717 ἀγῶνα
531 678 762 719 μουσικον·
791 664 899 709 κιττοὶ
931 665 1204 720 Σωκράτους·
1226 664 1340 710 -κατά
1361 663 1596 708 σινωπέων·

303 718 614 775 πανελλήνιον·
640 718 928 777 ’Ἀρκαδικόν
968 722 1040 764 καὶ
1072 722 1204 775 ἕτερα.
1259 722 1352 777 Hoc
1372 729 1448 767 est.
1477 719 1596 764 Pol-

305 774 386 815 lux
415 774 718 829 Naucratim,
761 777 844 819 sed
866 776 1052 834 quidam
1079 778 1327 820 Arduenna
1349 775 1616 823 'oriundum'

301 829 562 887 Sophistam
589 834 788 876 iocantes
813 833 1011 876 scribunt
1038 833 1337 886 (Phoenic-iae
1363 847 1470 874 vero
1488 830 1594 873 urbs

300 887 576 930 Arduenna».
604 889 777 932 Docuit
792 897 945 931 autem
962 889 1155 932 Athenis
1175 891 1453 946 Imperatore
1471 893 1594 930 Com-

300 943 446 985 modo.
515 943 676 987 Vitam
706 945 817 987 obiit
841 961 981 988 annos
1007 952 1140 988 natus
1169 952 1268 987 octo
1296 952 1340 986 et
1396 945 1590 1001 uinqua-

294 999 456 1056 ginta,
497 1015 600 1042 cum
628 1001 881 1058 scripsisset
909 1002 989 1044 hos
1017 1002 1180 1053 libros,
1232 998 1286 1045 V
1280 1015 1363 1043 oca
1392 1000 1593 1042 niarium

299 1055 455 1096 decem
478 1056 620 1102 libris.
651 1064 719 1098 est
746 1065 900 1099 autem
931 1058 1135 1099 collectio
1165 1059 1347 1107 eorum',
1397 1071 1510 1114 quae
1534 1054 1590 1096 de

297 1111 455 1152 eodem
477 1112 688 1155 dicuntur
703 1114 844 1156 variis
861 1113 1016 1155 modis.
1035 1133 1038 1136 ·
1073 1113 1452 1159 Dissertationes,
1495 1110 1590 1154 sive

297 1167 511 1224 loquelas.
567 1168 950 1211 Declamationes.
979 1169 1343 1225 Epithalamium
1372 1167 1435 1210 ad
1461 1167 1592 1210 Com·-

296 1224 480 1266 modum
513 1223 767 1268 Caesarem.
796 1225 844 1267 in
868 1225 1052 1267 laudem
1081 1224 1202 1267 urbis
1219 1225 1397 1266 Romae
1414 1223 1591 1265 oratio-

294 1295 411 1322 nem.
474 1279 761 1331 Tubicinem,
788 1281 861 1323 vel
881 1281 1358 1323 certamenmusicum.
1419 1278 1592 1322 Contra

293 1334 538 1380 Socratem.
581 1336 748 1380 Contra
767 1336 992 1393 Sinopeus.
1022 1338 1068 1379 in
1087 1336 1270 1378 laudem
1290 1335 1426 1378 totius
1446 1334 1591 1376 Grae-

296 1391 407 1435 ciae.
436 1393 483 1434 in
500 1393 684 1435 laudem
702 1393 949 1436 Arcadiae.
974 1400 1020 1434 et
1045 1393 1156 1434 alia.
1183 1393 1292 1434 haec
1315 1391 1451 1434 latina
1479 1390 1590 1432 feci-

293 1461 392 1488 mus
429 1463 516 1489 non
551 1456 628 1490 tua
666 1464 814 1500 causa,
853 1465 953 1491 cum
985 1449 1148 1504 etipse
1175 1463 1254 1504 pro
1285 1455 1361 1489 tua
1391 1446 1590 1488 doctrina

292 1502 338 1545 id
378 1518 531 1557 queas,
580 1511 622 1545 et
657 1504 896 1547 'raherium
934 1505 1030 1547 istic
1066 1503 1225 1546 habeas
1265 1509 1308 1544 et
1346 1515 1514 1559 graece,
1543 1509 1589 1545 et

292 1559 429 1602 latine
459 1559 786 1614 doctissimum,
824 1560 998 1615 quicum
1036 1560 1100 1602 sic
1128 1558 1503 1610 coniunctissime,
1542 1565 1589 1603 et

292 1615 590 1657 amantissime
627 1616 756 1669 vivis,
802 1624 851 1657 ut
881 1617 935 1657 de
969 1615 1094 1657 vobis
1135 1614 1284 1657 tritum
1322 1613 1430 1657 illud
1464 1612 1586 1684 apud

292 1671 616 1713 Graecos-vere
645 1672 727 1714 dici
756 1671 902 1728 possit,
934 1670 1110 1726 στόματα
1138 1670 1216 1726 μὲν
1242 1668 1346 1722 δύο,
1387 1675 1500 1725 ψυχη
1538 1668 1586 1712 δὲ

291 1727 389 1782 μία·
429 1727 504 1768 sed
536 1741 712 1777 eorum,
751 1727 910 1781 quibus
939 1727 1127 1782 legendis
1167 1727 1365 1775 Graecis,
1404 1725 1586 1776 auxilio,

291 1789 333 1822 et
378 1781 621 1838 interprete
668 1797 779 1839 opus
827 1791 900 1824 est.
956 1782 1197 1825 Scribimus
1232 1779 1351 1822 enim
1386 1781 1468 1821 sub
1505 1788 1583 1821 tuo

288 1837 467 1878 nomine
503 1837 706 1879 studiosis
745 1837 960 1879 omnibus.
1017 1838 1245 1879 Pollucem·
1273 1844 1381 1878 vero
1419 1835 1580 1892 ipsum,

288 1892 352 1934 mi
383 1892 530 1945 Helia,
576 1893 622 1934 in
658 1900 735 1934 tuo
763 1893 1136 1935 nomine-editum
1166 1891 1340 1934 muneri
1368 1891 1447 1934 tibi
1474 1891 1584 1934 mit·-

286 1948 445 1999 timus,
501 1948 603 2002 quia
639 1948 718 1990 tibi
757 1964 858 1990 cum
896 1956 1077 2006 propter
1116 1947 1423 1990 eruditionem.
1445 1955 1581 1999 tuam,

286 2011 384 2044 tum
414 2012 595 2061 propter
625 2012 900 2061 temperatos,
927 2004 1260 2060 moderatosque
1290 2018 1458 2054 mores,
1488 2003 1582 2059 qui-

286 2058 368 2101 bus
417 2067 459 2100 te
504 2061 753 2117 praeditum
800 2075 891 2101 esse
941 2060 1093 2110 audio,
1136 2075 1234 2101 sum
1281 2059 1579 2103 amicissimus.

286 2115 519 2157 Praeterea
557 2115 656 2167 quia
687 2131 786 2158 cum
829 2115 1129 2170 superioribus
1160 2115 1313 2156 diebus
1341 2117 1398 2158 Io.
1430 2114 1580 2158 Tabe-

283 2170 353 2212 rio
380 2179 529 2211 nostro
559 2171 830 2227 Stephanum
861 2171 916 2212 de
944 2171 1137 2213 Urbibus
1167 2170 1417 2223 dican-imus,
1446 2185 1580 2225 quem

285 2241 383 2267 cum
424 2227 601 2268 Polluce
637 2241 663 2267 a
693 2226 992 2283 compluribus
1022 2241 1109 2268 una
1141 2226 1389 2282 colligatum
1418 2225 1488 2277 iri,
1519 2224 1578 2266 ob

283 2291 396 2330 eam,
426 2297 537 2336 quae
556 2289 619 2323 est
647 2281 764 2324 inter
785 2283 918 2337 ipsos,
937 2282 1303 2333 convenientiam,
1330 2291 1448 2324 certo
1469 2279 1576 2329 scio,

281 2336 403 2379 volui
431 2353 510 2377 vos
539 2346 582 2378 et
609 2338 694 2379 hoc
721 2338 767 2380 in
798 2338 907 2380 libro
936 2353 1025 2379 esse
1054 2338 1318 2388 coniunctos,
1348 2344 1397 2378 ut
1427 2336 1576 2378 animo

281 2392 392 2433 estis.
424 2393 545 2435 Adde
573 2394 701 2434 etiam
732 2394 831 2446 quia
862 2394 1027 2449 quoties
1056 2409 1158 2436 eum
1183 2394 1326 2450 ipsum
1342 2392 1504 2434 librum
1527 2392 1576 2434 in

281 2447 540 2490 bibliotheca
552 2457 624 2490 tua
643 2449 1020 2502 vi‹tet›is,nominis
1043 2449 1180 2491 nostri
1193 2447 1456 2492 memineris.
1470 2463 1578 2490 namv

281 2502 405 2546 faciei
430 2520 516 2546 non
538 2505 715 2560 poteris,
736 2520 836 2546 cum
858 2521 936 2547 nos
956 2505 1007 2546 de
1025 2504 1136 2547 facie
1164 2519 1254 2546 non
1282 2502 1574 2559 cognorimus.

283 2559 416 2615 Quod
439 2568 585 2601 tamen
607 2561 747 2611 ipsum
770 2561 1004 2615 aliquando
1033 2560 1250 2608 futurum,
1280 2567 1324 2600 et
1352 2557 1572 2621 cupimus,

282 2623 327 2657 et
349 2618 588 2672 speramus.
619 2617 753 2660 Vale.·
770 2617 878 2661 Ven.
901 2631 971 2660 ω.
1003 2617 1062 2659 id.
1082 2615 1206 2672 April
1226 2629 1273 2659 Μ.
1292 2627 1383 2660 ΒΗ.
