1664 2950
268 132 322 172 68
562 124 797 167 TIBERII
826 125 1268 172 HEMs'rEnnms

270 251 447 296 semper
473 236 748 280 Herodianus
774 235 859 280 fuit
883 244 1102 286 versatus:
1145 237 1260 295 quod
1287 236 1436 299 ipsum
1461 253 1573 296 pro-

270 295 386 339 fecto
424 292 557 336 simul
594 293 756 335 indicat
792 300 838 334 et
877 293 981 337 satis
1017 295 1136 335 clare
1175 294 1498 338 Onomasticmn
1526 303 1571 337 et

272 349 570 394 onomaticmn
608 348 909 390 differitatem:
957 347 1072 391 forte
1110 364 1203 392 non
1244 350 1444 393 dissimili
1483 349 1571 393 fuit

270 411 527 463 argumento
548 403 791 447 Democriti
812 404 923 476 Περὶ
944 403 1164 460 ῥημάτων·
1193 405 1270 448 sed
1290 406 1344 447 de
1366 407 1572 449 Palame-

273 463 338 506 dis
364 462 540 504 Eleatae
577 459 851 514 grammatici
899 459 1211 518 Ονοματολόγῳ
1239 462 1344 516 quid
1370 470 1572 504 statuen-

273 520 381 562 dum
405 517 461 559 sit
486 516 688 569 equidem
719 515 895 571 ignoro:
934 515 1088 558 Suidas
1107 517 1215 559 illud
1237 517 1330 566 eius
1351 533 1462 576 opus
1485 527 1571 560 no-

272 575 416 618 minat
436 572 483 614 in
501 569 782 628 Παλαμήδης·
815 579 934 617 certe
953 580 1155 614 nostrum
1171 573 1390 616 Pollucem
1411 575 1568 632 appel—

272 632 336 674 lat
379 625 699 684 όνοματόλογον
734 627 922 670 Luciani
963 635 1309 670 commentator:
1348 629 1440 671 sive
1467 629 1566 685 quis

272 685 408 742 igitur
427 699 528 726 eum
548 683 712 727 librum
733 683 1026 726 Onomasticis
1046 683 1311 740 persimilem
1328 685 1448 737 velit,
1476 684 1569 726 sive

273 741 443 798 potius,
482 754 595 796 quae
629 738 875 782 differentia
910 753 1004 781 non
1030 753 1166 795 parva
1199 747 1289 792 est,
1331 740 1570 784 Herodiani

276 796 570 847 Onomaticis,
597 795 642 838 in
659 810 716 843 ‚ea
733 810 783 837 re
797 810 888 837 non
907 795 1149 852 disputabo.
1202 796 1405 853 Denique
1423 797 1571 852 quod-

275 854 380 897 dam
402 851 720 894 Onomasticon
743 851 899 894 Latino
924 851 1146 894 Graecum
1164 851 1328 909 prodiit
1348 853 1570 909 Argento-

274 908 362 952 rati
402 911 521 954 1536.
579 907 791 964 Calepino
831 907 1104 964 praefixum,
1153 907 1310 950 veteris
1351 916 1393 950 et
1432 908 1570 951 bonae

275 973 426 1007 notae:
458 979 555 1006 eam
583 964 717 1019 igitur
743 962 798 1004 ob
825 963 1036 1005 rationem
1065 970 1216 1021 postea
1236 962 1324 1005 suit
1345 963 1477 1007 etiam
1496 966 1571 1007 in—

277 1029 444 1063 sertum
468 1020 615 1063 Caroli
634 1018 826 1061 Labbaei
844 1019 1028 1062 Glossis:
1058 1027 1175 1062 recte
1195 1034 1302 1062 vero
1320 1019 1421 1062 huic
1440 1020 1573 1073 libro,

275 1076 471 1132 quisquis
508 1074 644 1118 fuerit
674 1083 850 1125 auctor,
901 1090 1063 1116 nomen
1085 1073 1194 1128 ‚fecit
1226 1076 1566 1118 Onomasticon:

274 1147 381 1176 nam
411 1131 589 1175 Graecis
617 1131 799 1173 vocibus
826 1132 1008 1173 nomina
1030 1130 1188 1173 Latina
1214 1131 1444 1188 expressit,
1491 1146 1569 1173 seu

275 1186 496 1231 vocabulis
536 1186 702 1230 Latinis
732 1186 961 1243 adscripsit
991 1201 1122 1229 voces
1153 1187 1364 1238 Graecas,
1410 1187 1569 1244 quibus

277 1243 507 1286 commode
538 1242 754 1298 designari
784 1250 973 1298 possent.
1028 1243 1114 1286 Sed
1143 1242 1198 1284 ad
1227 1243 1413 1285 Pollucis
1443 1245 1571 1286 Ono-

274 1299 489 1349 masticon
510 1298 687 1341 tandem
708 1299 974 1340 veniendum
1003 1308 1078 1342 est.
1135 1299 1265 1341 Nunc
1291 1299 1456 1354 optime
1479 1300 1571 1342 dis-

275 1356 397 1399 cerni
427 1362 593 1413 potest,
635 1370 692 1396 an
711 1354 846 1410 magis
868 1355 1101 1396 conveniat
1127 1355 1231 1396 huic
1253 1355 1439 1398 Pollucis
1455 1355 1569 1398 libro

274 1411 426 1454 titulus
463 1410 731 1453 Onomastici
773 1426 827 1452 an
871 1409 1140 1452 onomatici:
1195 1410 1410 1467 posterius
1447 1411 1573 1453 enim·

275 1468 488 1523 quosdam
528 1467 783 1523 praetulisse
807 1466 986 1509 MSStos
1004 1465 1212 1509 indicium
1241 1466 1347 1508 fecit
1372 1466 1569 1522 egregius

273 1530 420 1566 noster
431 1524 780 1578 Iungermannus
800 1522 854 1563 ad
877 1522 975 1564 libr.
997 1523 1027 1563 Ι.
1050 1535 1182 1576 segm.
1194 1527 1236 1566 2.
1257 1536 1388 1564 nemo
1405 1531 1572 1571 tamen.

273 1587 327 1622 ut
343 1579 490 1627 credo,
518 1579 602 1620 hoc
615 1577 906 1628 affirmaverit,
930 1578 964 1619 si
984 1585 1102 1619 recte
1119 1585 1393 1636 perspectam
1409 1578 1570 1620 habeat

273 1648 478 1689 magnam
507 1633 774 1675 Onomastici
803 1641 845 1675 et
868 1633 1116 1675 Onomatici
1143 1632 1404 1685 distantiam,
1432 1649 1569 1689 quam

273 1689 501 1747 perspicue
522 1689 765 1745 designavi:
794 1688 927 1744 igitur
951 1687 1268 1743 Ὀνομαστικόν
1292 1690 1564 1745 praeplacet;

273 1745 337 1788 sic
366 1744 483 1786 enim
507 1745 687 1802 epistola
716 1759 836 1785 nona
862 1751 1010 1786 noster
1031 1745 1214 1792 Pollux.
1249 1742 1568 1800 Ὀνομαστικόν

273 1815 315 1844 τι
341 1802 535 1856 βιβλίον·
577 1800 625 1841 in
663 1799 845 1855 epistola
875 1814 981 1841 vero
1008 1799 1153 1855 prima
1178 1796 1490 1854 Ὀνομαστικὸς
1514 1815 1568 1841 ne

273 1857 443 1911 legatur
463 1871 519 1898 an
540 1853 875 1912 Ὀνομαστικὸν,
902 1870 1088 1913 parum,
1118 1869 1190 1896 me
1216 1855 1378 1903 iudice,
1406 1856 1567 1898 refert:

274 1920 467 1954 attamen
488 1926 570 1953 nec
591 1916 668 1966 ego
686 1911 928 1967 spreverim
948 1911 1069 1953 illam
1098 1909 1298 1953 codicum
1325 1911 1569 1968 inscriptio-

273 1982 379 2010 nem
402 1964 716 2022 Ὀνομαστικοὲ·
757 1966 840 2008 hoc
860 1967 979 2008 enim
998 1966 1196 2022 exemplo
1222 1966 1422 2037 superius
1443 1965 1570 2010 Ὀνο-

272 2021 458 2079 μαστικά
478 2023 673 2079 produxi
693 2022 883 2078 Orphei,
912 2036 988 2063 seu
1007 2029 1058 2063 ut
1076 2021 1254 2070 suidas.
1294 2021 1567 2079 Ονομαστικοὶ

272 2078 363 2135 ἔπη·
392 2086 665 2121 momentum
688 2078 792 2120 huic
819 2078 1094 2120 coniecturae
1117 2077 1241 2126 facit,
1271 2079 1388 2134 quod
1409 2079 1567 2122 Pollux

271 2135 463 2190 singulos
485 2132 758 2176 Onomastici
775 2133 909 2175 libros
927 2133 1223 2190 particulatim
1245 2141 1288 2175 et
1306 2149 1568 2192 composue-

270 2189 328 2232 rit
357 2198 398 2231 et
423 2189 629 2231 ediderit:
660 2189 702 2230 id
733 2204 790 2231 ex
811 2203 860 2230 eo
881 2188 1228 2243 abundeliquet‚
1269 2189 1384 2246 quod
1407 2191 1569 2246 cuique

269 2245 418 2287 literas
451 2245 665 2287 volumini
696 2244 970 2301 praefixerit,
1021 2244 1181 2300 quibus
1221 2259 1400 2301 operam
1440 2261 1566 2288 suam

270 2301 515 2343 Commodo
528 2301 766 2342 dedicatam
784 2300 992 2356 probaret
1004 2315 1054 2342 ac
1074 2299 1419 2345 commendaret.
1438 2302 1567 2343 Prae-

271 2364 391 2398 terea
415 2356 580 2399 librum
613 2356 829 2412 primum,
870 2363 915 2398 et
941 2363 1037 2411 post
1063 2355 1182 2397 hunc
1209 2355 1422 2412 quosdam
1450 2355 1567 2398 forte

270 2411 402 2460 alios,
433 2426 533 2453 cum
552 2413 726 2454 Marcus
752 2411 1032 2467 philosophus
1057 2411 1201 2452 adhuc
1231 2417 1342 2454 esset
1363 2411 1408 2452 in
1433 2411 1565 2463 vivis,

270 2466 543 2510 construxit:
582 2482 638 2509 ne
668 2481 781 2523 quae
813 2466 1065 2524 superstitet
1095 2466 1336 2518 dubitatio,
1365 2467 1565 2519 adverte,

268 2538 452 2591 quaese.
493 2523 603 2564 haec
634 2522 678 2564 in
709 2521 889 2578 epistola
917 2524 1083 2578 prima:
1113 2524 1189 2577 τῆς
1206 2520 1285 2576 μὲν
1308 2514 1390 2565 οὖν
1409 2520 1567 2590 ἀρετῆς

269 2578 372 2633 ἔχεις
397 2576 446 2622 τὸ
471 2576 653 2634 μάθημα
679 2577 727 2620 ἐν
758 2581 819 2634 τῷ
847 2577 999 2632 πατρὶ,
1039 2580 1113 2634 τῆς
1142 2577 1187 2621 δὲ
1220 2579 1391 2634 φωνῆς,
1420 2579 1457 2621 εἰ
1485 2593 1565 2634 μεν
