1664 2950
255 114 312 155 52
802 110 868 158 Vl.
928 114 1022 158 107,

259 220 420 276 φάνοις
458 219 594 277 ανθη,
625 218 758 276 ῥόδα,
785 221 852 274 ἰἀ,
881 221 1022 278 κρίνα,
1053 221 1300 280 σισύμβρια,
1332 221 1564 281 ἀνεμῶναι,

258 289 468 345 ἕρπυλος,
509 286 690 343 κρόκος,
726 286 964 353 υάκινθος,
1002 289 1242 347 ἑλίχρυσος,
1291 290 1565 350 ἧμεροκαλὲς,

258 357 467 410 ἑλένειον,
496 357 704 411 θρυαλὶς,
734 350 993 439 άνθρίσκος,
1021 357 1274 413 νάρκισσος,
1313 362 1562 417 μελίλωτον,

256 424 455 481 οἷνθεμὶς,
494 424 737 479 παρθενὶς,
768 424 844 468 καὶ
876 423 1010 468 τᾶλλα
1048 425 1132 470 ὅσα
1173 431 1267 479 τοῖς
1311 425 1564 485 ὀφθαλμοῖς

253 493 429 548 τέρψιν,
467 490 497 548 ἢ
533 492 650 549 ῥισὶν
683 491 837 548 ἡδεῖαν
879 491 1099 550 ὄσφρησιν
1136 492 1480 552 ἔχει’.-μέμνηται
1517 494 1597 539 6εὸ

253 564 344 603 τῶν
390 561 600 603 πλείστων
645 561 866 614 Κρατῖνος
902 559 949 604 έν
990 562 1266 615 Μαλθακοῖς,
1304 562 1448 620 ὥσπερ
1487 563 1564 607 καὶ

252 628 624 684 κοσμοσανδίλου,
660 627 735 670 καὶ
771 630 924 684 μίλου,
965 627 1071 684 ὅπερ
1099 623 1155 686 ἦν
1181 632 1257 687 τῆς
1283 632 1463 686 μίλακος
1491 627 1564 674 ἅν-

169 700 354 747 1Ο7θος.
411 693 634 751 *”Ομηρος
672 695 751 751 μὲν
788 694 842 739 τὰ
879 695 993 752 ἄνθη
1031 695 1173 740 πάντα
1206 697 1344 754 λείρῖα
1371 694 1562 755 κέκληκε.

253 762 333 808 τὸτι
362 763 408 808 δὲ
435 762 677 819 νάρκισσον
713 762 736 808 6
773 763 1053 820 Θεόφραστος
1092 765 1267 821 λείριον.
1322 763 1563 822 Ἀνακρέων

255 832 306 876 δὲ
347 833 422 875 καὶ
459 829 639 887 μύρτοις
679 833 1007 888 στεφανοῦσθαι
1043 845 1152 890 φησι
1188 832 1264 877 καὶ
1296 831 1562 916 κοριάννοις.
1569 838 1619 874 ·l⁰

251 899 327 944 καὶ
356 897 502 955 αὐτῷ,
539 899 614 943 καὶ
640 901 904 956 ναυκρατίτῃ
942 900 1154 960 στεφάνῳ.
1184 900 1408 959 σάμψυχος
1435 896 1578 984 οὗτος

251 962 318 1024 ἦν.
349 967 422 1010 καὶ
451 964 642 1025 α’νηττῳ,
681 966 750 1018 ὦς
777 967 851 1011 καὶ
888 968 1063 1024 Σαπφὼ
1101 968 1176 1013 καὶ
1200 967 1404 1020 Ἀλκαῖος.
1435 963 1563 1014 οὗτοι

253 1034 300 1078 δε
330 1033 418 1089 ἄρα
454 1034 528 1078 καὶ
566 1036 759 1086 σελίνοις.
797 1034 820 1078 ὁ
859 1035 906 1079 δε
949 1033 1221 1092 Λνακρέων
1230 1035 1305 1080 καὶ
1344 1036 1563 1093 στέφανον

254 1103 455 1159 ροδιαῖον
484 1100 692 1158 ὠνόμασε.
745 1106 843 1146 Τῶν
871 1101 1019 1159 μέντοι
1048 1106 1341 1159 συμποτικῶν,
1371 1105 1560 1160 αἴνιγμα,

250 1171 326 1214 καὶ
359 1172 531 1226 γρίφος.
567 1169 617 1214 τὸ
657 1170 736 1226 μὲν
774 1168 955 1216 παιδιὰν
984 1167 1112 1226 εἶχεν.
1154 1170 1178 1214 ὁ
1218 1170 1264 1215 δὲ
1292 1171 1453 1227 γρίφος
1488 1170 1615 1225 καὶ15

252 1236 461 1293 σπουδήν.
489 1238 562 1282 καὶ
591 1237 615 1281 6
647 1237 726 1293 μὲν
753 1236 888 1287 λύσας
924 1236 1056 1293 γέρας
1086 1234 1168 1294 εἶχε
1197 1241 1340 1293 κρεῶν
1366 1255 1464 1282 τινα
1490 1252 1563 1282 πε·
1605 1296 1609 1301 .

255 1305 464 1362 ριφορὰν,
501 1305 525 1349 ὁ
556 1305 602 1349 δὲ
639 1303 934 1361 ἅδυνατήσας,
976 1303 1112 1361 ἅλμης
1140 1304 1351 1363 ποτήριον
1386 1302 1560 1350 ἐκπιεῖν.

154 1383 245 1424 ,108
256 1373 415 1430 ἐκλήθη
449 1370 494 1416 δ’
533 1371 621 1416 vind
649 1377 737 1416 τῶν
766 1372 1019 1417 ἆλιευτικῶν
1045 1374 1230 1428 γρίφων.
1258 1373 1344 1418 *τά
1371 1374 1418 1419 δὲ
1449 1372 1564 1431 ζητή-

249 1458 363 1499 ματα
402 1439 644 1497 ὠνομάζετο
682 1443 887 1485 κυλίκεια.
955 1438 1186 1496 Θεοδέκτης
1222 1440 1267 1484 δὲ
1296 1439 1321 1486 6
1350 1440 1562 1498 σοφιστὴς

247 1507 540 1564 εὐδοκιμήσας
568 1509 615 1552 έν
644 1507 808 1561 αὐτοῖς,
839 1508 928 1553 ἐπεὶ
955 1507 1030 1551 καὶ
1057 1506 1323 1563 μνημονικός
1350 1503 1420 1565 ἦν,
1452 1517 1611 1566 μνη-20

247 1575 400 1634 μόνεια
441 1575 555 1620 αὐτοὶ
589 1576 772 1621 ἐκάλεσε.
829 1576 916 1620 Καὶ
955 1576 1163 1630 παροίνια
1198 1575 1244 1620 δὲ
1283 1574 1452 1633 ᾄσματα
1489 1571 1557 1634 ἦν,

247 1645 323 1688 καὶ
362 1646 524 1688 σκολία.
565 1644 640 1687 καὶ
678 1645 865 1700 μυρίνην
900 1643 946 1687 δέ
980 1658 1096 1692 τινες
1134 1642 1204 1686 ἐπὶ
1243 1643 1358 1696 δεξιοὶ
1385 1645 1560 1701 πεῖριφέ-
1595 1683 1597 1685 .
1648 1675 1651 1677 -

248 1729 422 1768 ροντες,
451 1713 526 1756 καὶ
554 1712 750 1767 ἔκπωμα,
780 1711 853 1755 καὶ
881 1709 1044 1765 λύραν,
1081 1709 1202 1768 ᾄδειν
1227 1709 1388 1767 ἠξίουν.
1450 1713 1559 1762 Τοῖς

246 1781 395 1836 μέντοι
426 1781 814 1835 διαπαννυχίσασιν
856 1773 973 1821 ἆθλα
1000 1773 1057 1834 ἦν
1094 1781 1340 1834 σησαμοῦς,
1368 1778 1444 1822 καὶ
1477 1794 1556 1822 πυ-

249 1852 442 1904 ραμοῦς,
472 1849 672 1905 πέμματα
712 1845 785 1890 διὰ
820 1846 991 1902 μέλιτος
1029 1844 1186 1900 ἑφθοῦ.
1224 1843 1274 1889 τό
1305 1844 1386 1901 μὲν
1405 1845 1459 1888 {x
1488 1856 1613 1902 6²2-25

158 1922 239 1962 109
252 1916 418 1972 σάμου,
464 1915 515 1960 τό
554 1915 600 1959 δὲ
640 1914 688 1957 ἐκ
724 1917 881 1969 πυρῶν
917 1912 1246 1967 πεφρυγμένων.
1285 1909 1364 1956 *τό
1393 1913 1439 1957 δὲ
1469 1915 1558 1957 δια-

243 1984 527 2039 παννυχίσαι,
566 1981 642 2025 καὶ
670 1976 1023 2035 διανυκτερεῦσαι
1051 1978 1107 2022 ἂν
1138 1980 1288 2032 εἴποις,
1317 1980 1392 2024 καὶ
1419 1997 1558 2037 πειρα-
1580 1999 1593 2023 ,·

241 2052 408 2108 πέμψαι
435 2049 516 2107 τὴν
542 2047 707 2100 νύκτα,
741 2049 782 2099 ἒς
808 2064 852 2091 τε
881 2046 992 2101 πρὸς
1019 2046 1156 2101 ἥλιον.
1184 2048 1259 2091 καὶ
1285 2046 1364 2091 τὸν
1394 2047 1557 2105 λύχνον

241 2117 322 2162 τὸν
349 2117 522 2168 τούτοις
550 2115 796 2171 καιόμενον,
827 2113 1059 2170 πάννυχον.
1109 2115 1166 2157 Εἰ
1199 2114 1246 2158 δὲ
1274 2115 1348 2159 καὶ
1376 2115 1426 2159 τὸ
1458 2131 1554 2159 κοτ-

241 2187 428 2242 ταβίζειν
464 2189 552 2228 τῶν
601 2185 878 2239 συμποτικῶν
914 2182 1068 2238 μέρος,
1112 2181 1289 2238 ῥητέον,
1330 2182 1607 2240 κόπαβομδο

239 2255 514 2309 κοτταβεῖον,
547 2249 914 2307 ἆποκοτταβίζειν,
945 2247 1016 2293 ἀπ’
1046 2248 1235 2306 ἀγκύλης
1263 2249 1449 2306 βάλλειν.
1478 2251 1554 2294 καὶ
1620 2296 1626 2300 ,

239 2320 292 2365 τὸ
328 2321 408 2377 μὲν
444 2321 700 2375 κοτταβεῖον
736 2317 942 2374 ἐκρέματο
981 2315 1067 2360 cim}
1105 2321 1187 2362 τοῦ
1230 2316 1427 2374 ὀρόφου,
1471 2316 1554 2361 ῧπ-
1586 2356 1592 2361 ,

237 2387 335 2432 τιόν
370 2404 416 2432 τε
456 2388 531 2432 καὶ
569 2390 712 2438 λεῖον,
763 2388 927 2443 χαλκοῦ
966 2400 1009 2427 τε
1048 2384 1364 2441 πεποιημένον,
1405 2384 1551 2439 ὥσπερ

239 2458 420 2513 λυχνίου
449 2454 498 2499 τὸ
529 2455 730 2511 ἐπίθεμα,
774 2454 800 2499 ὃ
827 2452 905 2497 τὸν
944 2451 1107 2508 λύχνον
1135 2451 1204 2496 ἐπ’
1236 2449 1376 2495 αὐτοῦ
1414 2452 1560 2516 φέρει..
1663 2468 1664 2500 1

154 2524 359 2570 110¹*va
396 2521 543 2579 μακρά
577 2539 642 2573 τις
681 2522 863 2578 ῥάβδος,
902 2520 957 2578 ἣν
994 2521 1068 2564 καὶ
1095 2519 1265 2576 ῥάβδον
1291 2518 1605 2576 κοτταβικὴν35
1661 2502 1664 2566 ἶ

241 2590 478 2648 ὠνόμαζον.
502 2589 552 2634 τὸ
581 2589 628 2634 δέ
657 2607 698 2634 τι
726 2585 781 2646 ἦν
808 2591 932 2645 κοίλη
959 2604 1024 2640 τις
1058 2589 1132 2632 καὶ
1158 2586 1397 2644 περιφερής
1429 2591 1549 2630 λεκα-
