1664 2950
273 119 329 171 4¹
565 112 810 152 '1113131111
845 108 1281 151 rismsrsannis

274 225 530 284 priusquam
563 223 832 280 conspiceret
856 229 1061 278 portum:
1093 222 1432 276 Argentoratum
1450 222 1571 267 euim

277 283 436 325 accitus
468 282 514 322 in
543 279 729 337 patriam
769 277 926 320 urbem
959 277 1290 319 meritissimum
1315 276 1570 334 vigiliarum

312 337 526 380 raemium
554 335 808 388 dignitatem
837 332 1150 376 Professoriam
1172 333 1366 377 invenit:
1401 335 1461 377 ab
1484 335 1570 378 hoo

275 396 412 449 :igitur
437 391 678 434 industriae
706 404 809 431 suae
839 390 1042 440 alumno,
1071 390 1119 432 in
1148 404 1236 444 quo
1263 389 1496 434 formando
1524 399 1571 435 et

275 449 482 510 poliendo
515 448 706 489 multum
731 453 775 486 et
803 445 1011 501 temporis
1035 453 1077 487 et
1101 445 1265 488 laboris
1285 447 1567 500 contriverat,

276 520 370 550 non
400 502 637 546 iniucunda
665 501 893 543 necessitas
921 515 1026 543 eum
1059 501 1282 545 seiunxitz
1324 504 1570 560 aegerrime

277 572 450 611 tamen,
481 559 596 614 quod
627 558 755 600 facile
783 556 879 612 quis
899 557 1074 613 cogitet,
1102 573 1129 600 a
1148 559 1417 601 suoPolluce
1430 559 1571 602 semi-

275 619 436 676 gravit,
465 616 642 669 quicum
667 614 742 656 diu
769 621 812 655 et
832 628 922 655 non
938 615 1037 655 sine
1049 613 1225 671 publico
1248 614 1480 658 doctorum
1497 615 1571 658 fa*

275 690 387 716 vore
419 672 646 714 habuerat.
712 670 842 712 Cum·
864 670 1011 726 itaque
1031 670 1458 727 circumspectaret,-
1496 671 1570 713 cui

274 739 373 773 tuto
403 729 509 770 haec
538 728 707 782 lampas
734 725 1012 779 traderetur,
1054 728 1230 769 mecum
1251 726 1476 784 potissime
1499 727 1570 770 vit

275 787 495 842 optimus,
533 790 582 824 ut
611 784 697 824 hoc
726 782 1021 839 quodcunque
1055 783 1222 833 oneris,
1262 782 1407 825 verbis
1447 783 1571 826 enim

275 843 382 886 scite
407 841 470 883 rei
499 838 742 881 molestiam
761 838 947 890 levabat,
975 838 1022 880 in
1041 854 1163 881 meos
1182 838 1464 881 transferrem
1479 839 1571 882 hus

274 913 444 948 meros,
491 911 570 954 per
609 895 756 936 literas
796 895 937 936 omnis
967 894 1254 938 humanitatis
1282 896 1434 952 plenas
1459 895 1570 951 :egitg

275 963 406 1010 atque
436 953 497 994 ita
525 951 633 1007 egit,
663 959 712 992 ut
728 951 1012 993 certissimam
1033 952 1138 994 hinc
1155 952 1327 994 laudem
1347 950 1456 994 mihi
1475 966 1571 994 esse

273 1017 471 1068 paratam
501 1006 765 1048 affirmaret:
804 1007 993 1049 nimium
1028 1008 1103 1050 ille
1129 1007 1326 1064 profecto
1354 1007 1571 1064 benignus

277 1073 372 1108 erat
397 1063 560 1120 ingenii
592 1063 679 1105 mei
699 1071 931 1119 spectator,
959 1065 1075 1118 quod
1093 1078 1182 1106 non
1202 1078 1282 1105 suo
1299 1064 1457 1121 pretio,
1489 1062 1570 1106 sed

274 1120 566 1180 prolixissimo
598 1134 697 1174 erga
725 1135 799 1160 me
828 1134 979 1161 amore
997 1120 1278 1177 ponderabat.
1334 1120 1427 1175 Ego
1447 1134 1571 1173 vero,

275 1178 351 1234 qui
381 1176 504 1219 laudi
530 1191 601 1217 me
618 1191 705 1217 non
726 1175 935 1217 idoneum
960 1191 1050 1217 esse
1068 1183 1221 1218 natum
1249 1175 1570 1227 existimabam,

276 1234 357 1276 etsi
382 1247 610 1287 nunquam
645 1232 738 1273 eius
761 1231 1041 1287 cupiditatem
1065 1232 1256 1287 ingenuo
1275 1231 1448 1275 homini
1465 1239 1572 1273 tur-

273 1305 376 1348 pem
406 1296 481 1330 aut
506 1288 783 1330 inhonestam
815 1287 936 1340 duxi,
964 1288 1084 1330 hunc
1100 1289 1296 1331 laborem
1314 1289 1569 1340 detrectans,

272 1360 436 1401 meque
461 1344 726 1386 subducere:
756 1350 919 1386 memet
942 1344 1060 1387 enim
1086 1359 1187 1387 meo
1209 1345 1353 1387 metiri
1373 1344 1569 1387 solebam

269 1403 406 1458 pede,
437 1401 805 1455 exploratumque
830 1399 1071 1451 habebam,
1116 1401 1221 1456 quid
1252 1402 1453 1443 valerent
1476 1401 1571 1442 hu·-

269 1458 397 1508 meri,
417 1457 520 1512 quid
539 1455 659 1497 ferre
674 1464 942 1498 recusarent.
977 1457 1043 1500 Eo
1061 1465 1208 1500 autem
1226 1465 1431 1514 tempore
1445 1457 1571 1512 Lug-

271 1513 376 1555 duni
394 1514 664 1555 Batavorum
685 1511 908 1567 degebam.
941 1520 986 1555 et
1005 1521 1179 1561 tantum
1198 1513 1316 1569 quod
1337 1513 1571 1555 detunctus

271 1585 392 1612 eram
420 1569 572 1610 labore
596 1582 811 1624 perquam
840 1569 1026 1612 molesto
1047 1569 1094 1611 in
1118 1569 1320 1612 ordinem
1341 1567 1571 1625 redigendi

270 1625 537 1667 concinnum
566 1633 608 1664 et
635 1625 790 1666 utilem
825 1624 1024 1667 turbatos
1045 1641 1157 1667 casu
1181 1625 1372 1679 quodam
1397 1640 1448 1667 ac
1476 1624 1572 1666 dis-

268 1681 402 1722 iectos
414 1679 652 1720 ditissimae
670 1679 955 1721 bibliothecae
975 1681 1140 1722 codices
1150 1680 1352 1723 MSStosz
1382 1681 1438 1722 ad
1456 1680 1569 1722 illud

269 1736 387 1778 enim
407 1735 602 1777 muneris
617 1742 720 1775 ante
737 1734 817 1775 hos
834 1734 1070 1777 admodum
1095 1744 1285 1791 quatuor
1302 1750 1444 1778 annos
1463 1751 1570 1778 evo·-

268 1799 451 1834 caverat
481 1804 553 1832 me
570 1789 937 1845 amplissimorum
959 1790 1219 1834 Academiae
1237 1791 1454 1833 Leidanae
1474 1790 1570 1834 Cu-

267 1856 470 1890 ratorum
494 1845 681 1887 eximius
709 1844 863 1887 favor:
902 1846 979 1888 vix
1009 1847 1064 1888 de
1087 1844 1316 1889 vocatione
1347 1847 1570 1890 Lederlini

267 1902 357 1946 mei
383 1910 514 1958 atque
546 1901 702 1942 itinere
729 1900 840 1943 mihi
867 1903 1114 1949 constabat,
1145 1917 1248 1944 cum
1268 1904 1571 1946 Amstelaeda-

267 1974 393 2001 mum
414 1973 465 1999 eo
481 1956 630 1999 animo
650 1971 723 1998 me
740 1957 918 2009 contuli,
947 1966 997 2000 ut
1015 1959 1061 2000 in
1079 1966 1297 2001 extremos
1314 1959 1569 2003 amicissimi

266 2014 460 2058 hominis
482 2013 710 2070 amplexus
731 2013 840 2055 irem
855 2045 867 2064 ,
895 2014 1138 2069 foedusque
1157 2030 1259 2057 cum
1283 2029 1334 2058 eo
1352 2015 1568 2059 amicitiae

265 2071 476 2114 hactenus
503 2069 781 2122 integerrime
799 2070 968 2112 cultum
989 2070 1035 2112 in
1054 2077 1284 2127 posterum
1302 2072 1569 2115 corrobora·-

265 2141 388 2169 rem:
427 2133 522 2166 tum
551 2139 659 2167 vero
688 2125 799 2166 mihi
829 2128 1051 2183 praesenti
1071 2142 1122 2168 ea
1142 2126 1380 2170 verborum
1400 2127 1568 2171 lenoci-

265 2182 343 2225 nia
364 2181 642 2224 rationumve
658 2180 799 2223 dicam
816 2182 1043 2224 machinas
1058 2182 1280 2234 admovit,
1308 2192 1360 2226 ut
1379 2184 1435 2226 de
1455 2199 1567 2227 con-

265 2238 458 2280 siderato
484 2235 693 2293 propositi
726 2244 844 2279 statu
870 2246 1042 2280 tantum
1065 2254 1158 2281 non
1178 2239 1412 2292 deiecerit3
1439 2240 1488 2283 in
1510 2255 1565 2282 eo

265 2302 404 2344 certe,
444 2292 560 2346 quod
595 2306 821 2349 ceperam,
862 2294 1038 2336 consilio
1065 2309 1140 2336 me
1173 2303 1219 2337 et
1245 2295 1431 2338 dubium
1460 2296 1567 2339 fecit

265 2357 310 2392 et
337 2349 642 2392 vacillantem:
679 2349 766 2390 huc
789 2350 1023 2392 accedebat
1054 2350 1286 2394 continuus
1317 2352 1565 2395 amicorum

262 2406 504 2462 impulsus,
536 2403 608 2459 qni
638 2404 782 2445 nescio
814 2406 919 2461 quid
948 2421 1037 2448 non
1066 2407 1369 2451 mmliocreab
1386 2407 1570 2464 iugenio

262 2476 366 2504 meo
395 2460 479 2503 sibi
516 2459 852 2517 promittebant:
895 2462 1094 2504 maxime
1122 2478 1231 2506 vero
1256 2465 1372 2506 inter
1394 2479 1467 2507 eos
1488 2479 1564 2506 mo

264 2516 568 2560 commovebat
593 2516 827 2558 auctoritas
858 2518 1021 2560 summi
1050 2518 1163 2572 viri,
1208 2534 1344 2583 quem
1367 2520 1566 2563 ‘honoris

265 2572 393 2617 causa
422 2572 618 2627 nomino,
647 2573 681 2616 1.
714 2571 987 2627 G.‚Graevii,
1017 2587 1105 2631 quo
1129 2575 1562 2620 casum-emetiatu-
