1664 2950
293 125 378 167 254
853 120 905 163 V..
960 123 1028 167 52.

293 231 462 277 τούτων
488 230 661 286 γένεσις.
689 229 764 273 καὶ
789 230 839 274 τὸ
858 232 1137 277 σκυλακεύειν
1170 233 1247 286 τὰς
1273 234 1409 288 κύνας
1433 238 1589 292 χρῆναι

294 303 375 343 τοῦ
400 301 618 354 χειμῶνος,
646 296 760 340 ἐστὶν
787 295 1079 353 ἐμπιμπλάναι
1108 301 1344 355 σκυλάκων,
1367 304 1441 347 καὶ
1469 301 1589 359 ὀχεύ-

295 381 372 409 ειν.
404 366 819 420 προδιαπονηθεῖσαι
856 363 915 416 δὲ,
945 363 1034 410 εἶτα
1067 365 1445 426 ἀναπαυσάμεναι,
1471 372 1589 421 κατά

293 430 447 487 καιρὸν
485 431 541 474 ἂν
579 429 902 484 συνδυάζοιντο,
941 436 1003 490 τῷ
1030 434 1109 490 μὲν
1135 435 1256 494 πόνῳ
1295 439 1586 495 γεγενημένων

294 499 444 551 αὐταῖς
469 503 555 542 τῶν
578 495 795 555 ’σωμάτων
813 496 1022 554 εύπαγῶν,
1056 505 1109 558 τῇ
1129 503 1175 547 δὲ
1194 501 1433 549 ἀναπαύσει
1475 505 1613 559 πρὸςὸ

294 567 418 624 ἰσχύν
445 567 707 624 τραφέντων.
737 567 898 610 ἐσθίειν
925 566 971 610 δὲ
999 566 1134 620 αύτάς
1161 568 1255 614 τότε
1283 573 1352 616 δεῖ
1374 572 1486 629 πρός
1515 573 1588 618 κό·

295 653 390 692 ρον.
436 635 525 684 ἐπεὶ
562 632 690 678 ὁπότε
724 637 899 690 θηρῷεν
943 633 992 678 τὸ
1031 634 1323 690 ἐμπίπλασθαι
1368 638 1424 684 οὐ
1470 637 1589 684 πάνυ

290 702 539 760 χρήσιμον.
565 701 593 758 ἡ
628 700 674 745 δὲ
709 704 795 744 τῶν
830 702 1215 759 σκυλακευομένων
1259 704 1401 762 τροφὴ
1467 708 1582 751 σιτία

291 773 396 828 οἴνῳ
423 769 643 827 διάβροχα.

229 915 286 959 ⁵2
587 893 1201 937 *ΚΕΦΑΛΑΙΟΝ
1255 897 1305 938 Ζ.
1598 903 1642 938 ιο

339 1016 451 1073 Περὶ
474 1018 557 1060 τοῦ
588 1014 655 1060 ἐπὶ
683 1013 823 1059 πόσον
861 1015 934 1058 καὶ
962 1012 1043 1071 ἀφ’
1073 1010 1127 1060 οὗ
1163 1016 1248 1061 καὶ·
1279 1016 1360 1071 ἕως
1387 1013 1444 1064 οὗ
1469 1017 1542 1064 κύ-

791 1093 890 1126 ουσι
916 1082 1090 1139 χρόνου.

403 1171 574 1217 Κύουσι
601 1170 646 1214 δὲ
675 1169 756 1214 δύο
785 1174 942 1228 μῆνας,
986 1172 1060 1215 καὶ
1088 1170 1171 1216 ούκ
1198 1170 1254 1216 ἄν
1286 1189 1353 1225 τις
1384 1173 1586 1232 ’ἐξαγάγοι

294 1241 363 1286 ἐπὶ
391 1239 535 1296 θήραν
562 1238 780 1291 κύουσαν,
820 1236 948 1282 ὁπότε
977 1239 1112 1292 ἐπίτεξ
1139 1241 1223 1296 εἴη,
1262 1241 1334 1284 καὶ
1363 1241 1583 1298 ἐπίφορος.

288 1314 349 1368 τῷ
379 1309 422 1352 δὲ
449 1305 761 1361 Ἀριστοτέλους
788 1303 916 1361 λόγῳ.
947 1307 985 1349 εἰ
1012 1305 1091 1363 μέν
1118 1323 1182 1357 τις
1209 1306 1305 1355 κύει
1325 1308 1406 1352 δύο
1434 1314 1583 1366 μῆνας,
1597 1310 1638 1345 15

290 1375 473 1433 μάλιστα
500 1373 570 1418 καὶ
597 1372 650 1417 τά
676 1372 900 1428 τικτόμενα
936 1373 1022 1428 πρὸ
1051 1372 1292 1429 δωδεκάτης
1326 1373 1489 1432 ἡμέρας
1529 1376 1584 1421 ού

289 1445 446 1500 βλέπει.
479 1440 504 1498 ἡ
549 1441 595 1484 δὲ
621 1440 782 1497 ἡμέρας
810 1438 895 1484 δύο
919 1441 993 1484 καὶ
1021 1439 1330 1496 ἐβδομήκοντα.
1360 1442 1585 1499 καὶὴτῶν

290 1511 536 1555 σκυλακίων
564 1507 664 1560 ὄψις
692 1509 966 1563 προθεσμίαν
994 1507 1075 1563 ἔχει
1118 1510 1268 1565 τρίτην
1284 1509 1358 1553 καὶ
1382 1507 1587 1566 τετάρτην

287 1578 466 1635 ἡμέραν.
502 1579 577 1632 τῆς
614 1575 659 1620 δὲ
705 1574 732 1632 ἡ
772 1575 851 1631 μὲν
890 1573 1038 1630 κύησις
1090 1576 1301 1632 τρίμηνος.
1346 1574 1396 1620 τὸ
1425 1576 1471 1620 δὲ
1497 1580 1608 1634 τῶν*

289 1643 516 1690 σκυλάκων
568 1641 819 1698 άνάβλεμμα
865 1643 924 1693 εἰς
960 1640 1148 1699 ἑβδόμην
1182 1642 1451 1701 προχωρήσει
1509 1644 1640 1690 καὶΞΟ

289 1711 471 1767 δεκάτην
497 1710 674 1766 ἡμέραν.
705 1709 799 1765 ὥρα
828 1709 874 1753 δὲ
903 1707 1056 1765 οἷρίστη
1083 1710 1226 1754 κυνῶν
1260 1709 1371 1764 πρὸς
1414 1709 1582 1766 πλήρωφ

288 1782 359 1823 σίν
394 1794 438 1821 τε
473 1777 548 1821 καὶ
585 1776 754 1832 γένεσιν
797 1780 858 1833 τῷ
894 1776 971 1831 μὲν
1016 1775 1167 1832 ἄῤῥενι
1212 1776 1432 1831 τετάρτου·
1458 1777 1582 1829 ἔτους

288 1844 554 1900 άρξαμένου,
582 1848 828 1887 τελευταῖον
854 1843 903 1888 τὸ
935 1843 1106 1899 ὄγδοον.
1137 1842 1164 1901 ἦ
1209 1845 1255 1889 δὲ
1282 1843 1438 1902 θήλεια
1471 1859 1585 1901 τριε-

288 1914 352 1965 τὶς
389 1913 535 1969 μέχρις
564 1911 771 1963 ἑξαετίδος
800 1912 1110 1965 συνδυαζέσθω.

223 2041 278 2086 53
612 2035 1158 2076 *KEOEAAA10N
1203 2034 1262 2077 H.
1567 2040 1636 2093 ,ει

643 2156 754 2211 Περὶ
780 2154 1036 2212 νοσημάτων
1062 2159 1219 2200 κυνῶν.

396 2245 634 2304 Νοσήματα
662 2244 808 2302 μέντοι
835 2247 983 2288 κυνῶν
1024 2246 1143 2301 τρία,
1171 2243 1332 2294 λύσσα,
1363 2237 1594 2302 ποδάγρα.

286 2314 488 2371 κυνάγχη.
519 2312 616 2358 ἀλλ’
643 2311 670 2370 ἡ
707 2312 786 2368 μὲν
811 2310 1010 2367 ποδάγρα
1057 2311 1111 2355 οὐ
1139 2312 1276 2369 πάντη
1316 2310 1500 2364 α’νίατος.
1546 2311 1575 2369 ἡ

285 2383 331 2427 δὲ
359 2382 496 2426 λύσσα
556 2382 757 2430 δυσίατος
807 2377 835 2435 ἡ
872 2378 917 2422 δὲ
945 2378 1134 2436 κυνάγχη
1181 2382 1240 2431 εἰς
1281 2378 1477 2423 θάνατον
1502 2380 1575 2434 φὲ-
1637 2415 1643 2423 .

286 2467 361 2504 ρει.
400 2453 488 2492 πᾶν
526 2447 572 2492 δὲ
607 2446 656 2490 τό
698 2444 787 2489 ὑπὸ
822 2443 952 2503 λύττῃ
989 2445 1122 2498 κυνὸς
1159 2446 1365 2503 ἐχομένου
1411 2445 1629 2500 δηχθὲνθο

285 2515 533 2572 ἀναιρεῖται.
565 2514 797 2571 ἅνθρωπος
834 2513 880 2557 ’δὲ
907 2513 1043 2571 μόνος
1099 2511 1182 2558 οὐκ
1217 2512 1322 2559 ἄνευ
1351 2509 1583 2557 κινδύνων.

283 2585 576 2641 περιγίγνεται.
